2586 4020
557 283 596 328 rr
616 283 754 332 ruricus.
1070 271 1126 334 {1³

195 421 267 498 test,
283 439 364 500 quae,
381 420 462 500 scil„
478 421 510 484 in
521 423 640 504 judieio
651 429 744 505 stare,
762 445 867 508 egere,
877 427 950 509 jure
960 445 1018 490 sue
1031 427 1125 504 lueri,

194 513 246 574 vel
258 512 343 574 bonu
358 515 577 578 administrare
589 537 651 580 non
666 524 815 600 possunt,
834 519 877 582 uti
897 527 970 583 sunt
990 521 1099 602 pupilli
1115 567 1123 599 ,

195 604 397 668 lilii-semilies
411 607 444 668 in
469 611 562 672 certis
575 611 762 692 quibusdam
786 613 888 690 honis,
913 614 1061 693 oepituli,
1078 633 1127 676 ee·

196 697 298 759 olesiae
313 706 472 778 recentes,
486 706 545 765 ete.

231 793 282 853 Vl.
309 791 599 876 Quoeresproescribi
606 798 732 878 possiet,
750 799 797 861 oel
808 818 865 860 ooo
877 798 1011 881 possint?
1021 801 1126 878 Regu·

196 882 304 946 leriter
318 903 426 948 omnes
442 888 570 968 quidem
584 909 634 952 res
649 892 838 970 corporales,
853 892 918 953 sive
932 890 1064 953 mobiles
1080 909 1125 954 eae

196 974 269 1054 sint,
283 977 348 1038 sive
361 979 555 1061 immobiles,
573 984 732 1062 prescribi
748 1003 804 1046 seu
828 984 956 1064 usueepi
972 986 1123 1064 possunt,

196 1069 255 1129 nisi
270 1070 340 1150 lege
355 1072 470 1152 eliqua,
482 1079 537 1136 eut
548 1076 675 1155 speciali
689 1077 810 1138 ratione
826 1077 1125 1157 prohibeantur:res

196 1179 277 1224 vero
291 1163 521 1245 incorporales,
547 1167 591 1230 uti
615 1173 688 1231 sunt
709 1169 803 1250 jure,
820 1169 1002 1247 servitutes,
1029 1169 1126 1231 aetio-

196 1272 262 1334 pes,
288 1260 361 1334 ete,
384 1259 473 1320 sicuti
498 1262 624 1340 proprie
650 1263 805 1341 possideri
825 1281 888 1325 non
911 1267 1053 1343 possunt,
1067 1263 1124 1324 sed

194 1350 317 1408 tentum
332 1351 419 1430 quasi
434 1353 587 1430 possideri
604 1354 761 1432 dicuntur,
776 1355 819 1416 ita
833 1355 959 1435 proprie
973 1373 1032 1417 nee
1045 1373 1124 1436 proe-

195 1440 299 1503 seribi.

234 1535 313 1596 Sunt
325 1539 546 1619 temenelique
560 1558 630 1620 quae
647 1540 808 1619 praescribi
824 1539 950 1603 omniuo
967 1558 1029 1602 noo
1050 1557 1124 1620 pos-

195 1632 277 1706 sunt,
293 1628 339 1691 sie
353 1630 455 1709 primo
470 1651 521 1694 res
541 1651 610 1713 quae
632 1633 665 1694 in
679 1633 844 1696 homiuum
859 1633 1045 1695 commercio
1061 1650 1123 1694 non

193 1724 368 1800 versentur,
395 1726 426 1785 et
448 1725 480 1784 iu
504 1727 618 1789 nullius
638 1726 775 1790 dominio
797 1730 890 1804 sunt,
907 1726 952 1788 uti
978 1729 1051 1787 sunl
1072 1745 1123 1788 res

192 1814 509 1895 suerae,liberl10m0,
524 1821 622 1882 utfiut
636 1839 754 1898 servus,
772 1839 823 1880 res
837 1819 982 1899 publieae,
996 1837 1067 1898 quae
1082 1819 1122 1880 ad

192 1906 352 1985 publicum
363 1929 456 1970 usum
468 1918 541 1972 sunt
555 1912 727 1992 deputetae,
744 1912 803 1974 viae
818 1912 962 1992 puhlieae,
976 1928 1012 1970 ec
1028 1910 1121 1990 plstae

190 1997 326 2080 publieae'
346 2003 431 2064 nulle
456 2023 596 2084 unquam
618 2009 760 2084 tempore
793 2003 954 2085 praeseribi
978 2008 1119 2082 possunt,

191 2092 311 2164 etiamsi
327 2097 461 2175 populus
475 2097 536 2158 illis
550 2099 594 2159 uti
607 2098 742 2176 desinat,
758 2099 832 2178 quie
847 2098 934 2175 haee,
958 2115 1028 2178 quae
1049 2099 1121 2180 sunt

191 2185 335 2248 omnibus
348 2189 536 2267 eommunis,
557 2208 577 2253 a
596 2191 720 2252 nemine
739 2192 861 2271 private
876 2190 1030 2271 possideri
1050 2207 1120 2268 pro-

191 2278 260 2356 prie
273 2285 414 2359 pessunt.

231 2372 375 2436 seeundo
386 2393 437 2437 res
448 2375 584 2455 furtivae,
595 2378 645 2438 vel
655 2376 687 2438 vi
702 2375 863 2455 expulsiva
877 2392 1029 2456 possessio
1041 2420 1050 2450 ,
1064 2393 1120 2437 seu
1159 2423 1164 2431 .

190 2468 350 2544 occupate
362 2469 523 2547 praeseribi
537 2473 707 2551 nequeunt,
720 2469 844 2532 etiams
855 2468 946 2530 honae
961 2466 1035 2527 fidei
1049 2485 1120 2548 pos·

188 2576 309 2620 sessore
322 2564 464 2641 tempore
478 2562 635 2624 ordinario
652 2561 806 2643 (quamvis
818 2567 962 2642 tempore
982 2563 1119 2622 extraor-

190 2649 309 2712 dinarie
325 2671 345 2712 e
357 2653 448 2716 boner
463 2654 535 2715 fidei
550 2672 729 2734 possessore
749 2654 909 2734 praeseribi
931 2651 1073 2733 possint),
1088 2657 1119 2715 et

189 2743 248 2803 nisi
262 2744 348 2823 prius
363 2745 474 2807 vitium
486 2747 533 2808 rei
548 2747 682 2825 furtivae,
703 2747 754 2810 vel
765 2746 920 2809 violenter
934 2750 1093 2825 occupetoe
1108 2791 1116 2822 ,

132 2828 134 2833 ’
188 2840 357 2916 purgatum
382 2839 487 2916 fuerit,
506 2839 634 2919 peihoe
659 2839 743 2921 quod
758 2839 799 2901 od
814 2839 991 2920 legitimum
1017 2838 1118 2899 domi·

82 2926 87 2934 '
186 2947 263 2989 num
277 2947 369 2990 suum
389 2930 542 3006 redierit,
558 2933 608 2993 vel
622 2933 681 2992 nisi
695 2949 714 2992 e
727 2932 820 2992 house
843 2930 917 2991 fidei
938 2946 1117 3009 possessore

187 3037 237 3083 res
250 3022 322 3083 telis
337 3022 486 3085 distracta
498 3023 539 3084 ed
553 3024 682 3086 tertium
700 3023 896 3103 pervenerit,
916 3040 978 3103 que
992 3022 1024 3082 io
1042 3039 1117 3084 essu

185 3132 236 3174 res
249 3115 376 3194 quidem
386 3116 489 3178 aliene
503 3133 566 3178 non
578 3121 684 3179 temen
706 3115 822 3177 furtiva
834 3114 1028 3192 distrahitur,
1045 3131 1117 3176 eum

186 3205 237 3268 hie
250 3226 312 3269 non
323 3209 428 3271 animo
438 3209 576 3291 furendi,
589 3209 793 3290 eutlegitimo
805 3207 932 3276 domino
944 3225 1012 3270 rem
1026 3225 1116 3270 suam

185 3299 402 3380 subtrahendi,
417 3302 501 3384 qued
518 3303 559 3365 sd
582 3322 649 3365 rem
667 3303 817 3365 furtiuum
842 3301 1035 3382 requiritur,
1054 3301 1115 3364 dis·

184 3394 314 3457 traxerit
332 3413 400 3457 rem
410 3397 517 3460 telem.
534 3399 666 3460 Fructus
680 3400 786 3459 temen
810 3415 848 3458 ex
868 3413 903 3457 re
926 3394 983 3458 tali
999 3394 1115 3458 furtive

185 3487 334 3568 percepti,
348 3488 505 3553 ordinario
521 3491 616 3554 etiem
627 3494 769 3572 tempore
784 3489 947 3571 prescribi
962 3495 1111 3585 possunt,
