2586 4020
189 227 246 293 ln
398 235 627 286 rnsrirurronus
648 239 731 288 rums
753 239 907 287 annosior.

190 383 288 459 ribus,
305 379 361 444 sed
374 379 407 442 in
419 379 592 444 minoribns
608 382 718 461 etiam,
735 384 831 446 immo
845 381 968 444 levibus
980 399 1016 442 ac
1028 379 1123 440 mini·
1210 381 1211 386 ’

190 476 250 539 mis
265 475 367 538 causis
382 475 422 538 ad
443 475 668 537 removendam
684 494 903 556 quamcunque
917 472 1119 555 injustitiam,

191 571 224 632 et
238 569 447 650 quodcunque
458 586 640 646 gravamen,
652 570 736 649 qnod
749 569 912 630 inmodica
923 567 1016 628 etiam
1028 583 1123 626 causa

193 662 373 740 contingere
387 664 500 741 potest,
520 664 552 724 et
566 663 640 742 quia
653 662 871 742 appellationis
885 660 1060 722 remedium
1075 674 1123 719 or-

193 755 351 818 dinarium
361 754 537 816 remedium
550 758 606 832 est,
624 773 694 836 quae
705 755 864 817 ordinaria
875 753 1014 816 remedia
1029 752 1123 814 etiam

191 848 225 912 in
237 837 368 910 modicis
378 849 473 909 rebus
481 849 706 926 conceduntur,
719 848 862 928 quamvis
873 845 996 926 speciali
1006 849 1122 907 statuto

191 941 252 1004 loci
265 939 397 1020 alicujus
410 940 538 1002 decerni
547 941 655 1020 possit,
663 959 702 1002 ue
712 941 745 1001 in
755 941 885 1001 minima
895 958 929 1001 re
940 939 1125 1000 admittatur

193 1032 377 1114 appellatio,
400 1033 442 1094 ad
465 1033 679 1112 parcendum,
703 1034 879 1114 sumptibus
904 1031 1124 1094 intemerariis

194 1125 433 1208 quibuscunque
444 1125 714 1205 appellationibus
730 1129 761 1188 et
774 1145 813 1188 ne
830 1126 962 1188 nimium
975 1125 1125 1204 multipli-

193 1224 304 1282 centur
320 1217 400 1296 lites,
416 1221 510 1298 prout
521 1236 579 1281 nec
591 1219 622 1281 in
637 1219 725 1280 curia
737 1237 870 1282 romana
885 1219 1054 1299 appellatio
1071 1218 1125 1279 ad·

194 1312 330 1376 mittitur
341 1315 399 1392 pro
412 1329 554 1389 summa,
571 1329 641 1393 quae
659 1331 722 1374 non
738 1312 860 1375 excedit
875 1315 913 1374 lo
925 1311 1076 1387 ducatos,
1095 1311 1126 1371 et

195 1403 338 1486 quamvis
360 1405 399 1466 ab
421 1405 566 1467 omnihus
589 1405 684 1467 etiam
705 1403 990 1486 extrajudicialibns
1012 1421 1126 1484 grava-

194 1496 332 1559 minibus
347 1495 497 1577 appellari
511 1497 620 1576 possit,
637 1498 733 1560 etiam
747 1497 870 1576 faturia,
889 1500 922 1560 et
934 1495 1125 1573 inferendis,
1223 1519 1224 1524 ¹

195 1588 228 1650 in
246 1587 366 1670 judicio
385 1591 492 1650 tamen
514 1589 669 1669 appellari
687 1609 750 1652 non
767 1593 884 1670 potest,
896 1589 994 1652 ‚nisia
1016 1605 1126 1668 grava·
1218 1598 1224 1639 t

196 1680 281 1743 mine
291 1680 360 1760 jam
373 1679 501 1758 inflicto,
515 1683 570 1744 aut
583 1682 774 1761 gravaminis
787 1682 939 1744 inferendi
951 1683 1034 1744 lacta
1044 1697 1127 1744 com·

196 1773 368 1836 minatione
378 1771 493 1856 injuste
508 1773 654 1856 ajudice.
1094 1813 1097 1817 -

238 1866 301 1930 Sed
314 1885 378 1930 uon
393 1866 567 1929 admittitur
574 1867 742 1947 appellatio
753 1868 921 1948 elegitima
933 1868 1128 1930 correctione

196 1959 319 2040 praelati
345 1979 400 2022 seu
422 1959 607 2039 superioris,
632 1977 703 2041 quae
727 1961 767 2021 sit
786 1960 940 2040 regularis
956 1959 1128 2040 disciplina

198 2069 311 2126 causa3
328 2051 502 2113 remedium
516 2052 599 2114 enim
610 2051 839 2132 appellationis,
854 2071 918 2114 non
932 2053 973 2113 ad
983 2053 1128 2134 iniquita·
1226 2056 1231 2069 '

198 2144 238 2207 tis
250 2143 485 2221 defensionem,
503 2145 558 2206 sed
572 2145 613 2206 ad
627 2145 810 2224 praesidium
830 2145 1017 2207 innocentiae
1040 2147 1130 2209 insti-

194 2239 303 2302 tutum
317 2240 381 2314 est;
396 2237 436 2300 oh
452 2255 547 2318 quam
566 2256 694 2300 causam
713 2257 772 2299 nec
796 2239 988 2300 secularibus
1009 2239 1129 2300 clericis

200 2331 360 2413 appellare
382 2330 564 2394 conceditur
589 2337 698 2393 contra
722 2330 920 2412 disciplinam
943 2331 1130 2393 ecclesiasti-

201 2441 272 2486 cam
286 2424 378 2485 :hinc
387 2423 419 2484 in
428 2423 538 2485 concil.
552 2423 680 2501 tndem,
691 2442 767 2485 sess.
780 2427 872 2502 13,'c.
890 2425 919 2502 l,
933 2427 977 2485 De
988 2425 1128 2502 reform„

200 2515 386 2594 prohibetur
400 2514 567 2594 appellatio
585 2516 617 2576 in
631 2517 734 2578 causis
748 2517 934 2578 visitationis
947 2563 954 2594 ,
967 2521 997 2580 et
1011 2535 1131 2580 correc-

201 2607 314 2681 tionis;
334 2609 366 2669 et
386 2607 420 2667 in
441 2624 468 2668 c.
482 2610 510 2684 t,
526 2610 571 2669 De
584 2608 724 2686 reform,
748 2627 824 2670 sess.
845 2613 894 2686 22,
919 2609 1066 2672 statuitur
1092 2627 1130 2669 ne

195 2696 369 2779 'appellatio
385 2699 685 2780 executionequuae
701 2701 881 2763 admoram
906 2702 1131 2764 correctionem

201 2790 348 2872 pertinet,
364 2793 536 2871 suspendat
552 2812 558 2853 :
576 2811 645 2873 quae
660 2795 766 2856 tamen
782 2795 914 2874 intelligi
927 2794 1043 2857 dehent
1057 2813 1131 2855 casu

204 2903 266 2966 quo
281 2885 429 2964 praelatus
449 2888 504 2948 aut
520 2885 672 2966 superior,
688 2887 753 2948 sive
772 2888 920 2948 secularis
934 2887 985 2948 ille
1000 2888 1050 2965 sit,
1066 2888 1131 2948 sive

202 2978 367 3058 regularis,
380 2979 511 3041 modum
524 2978 556 3040 in
571 2979 756 3059 corrigendo
772 2998 834 3042 non
850 2980 999 3054 excedat3
1021 2998 1133 3040 conce-

203 3070 289 3133 ditur
299 3071 382 3133 enim
396 3077 505 3134 contra
515 3072 605 3149 tales,
629 3072 759 3134 modum
774 3073 953 3135 notabiliter
960 3073 994 3133 in
1010 3089 1133 3134 correc-

199 3161 288 3227 tione
303 3164 498 3242 excedentes,
511 3168 566 3227 aut
577 3165 711 3226 formam
726 3165 941 3246 praecriptam
953 3183 1016 3228 non
1028 3165 1133 3227 obser·

203 3258 313 3318 ventes
341 3257 526 3337 appellatio,
558 3258 602 3319 ita
622 3261 658 3320 ut
687 3259 784 3320 talem
808 3258 1049 3338 appellationem
1075 3275 1133 3318 nec

203 3346 814 3431 privilegiaconcesssimpedirepossint,
823 3352 896 3433 quia
905 3355 979 3414 tunc
987 3351 1134 3431 praelatus

205 3451 261 3503 seu
273 3439 417 3520 superior
427 3445 581 3522 potestate
597 3460 653 3503 sua
669 3443 827 3520 abutitur3
843 3461 913 3524 quae
941 3447 1047 3507 tamen
1066 3443 1134 3523 ipsa
