2584 4022
168 290 215 369 δέ
368 315 599 364 rusrlrurronns
619 317 702 362 Junrs
724 313 879 363 canorum.

169 461 209 523 ad
223 463 387 541 peccatum
401 459 571 538 indiceret,
589 465 621 522 et
635 463 744 521 contra
757 459 856 520 bonos
875 475 978 521 mores
993 461 1094 534 esset3

168 553 281 636 quibus
304 553 336 615 in
351 552 475 615 casibus
494 553 682 614 renuntiatio
706 571 769 614 non
787 553 872 614 valet
891 551 931 614 ob
946 552 1097 631 pessimas

167 647 322 728 sequelae,
340 665 418 727 quas
433 665 541 708 secum
555 648 704 708 traheret.
1045 719 1046 723 Ἰ

210 741 289 802 ΧΙΙΙ.
314 742 357 802 Dc
379 739 611 808 renuntiatione
629 737 784 818 privilegii
799 737 858 799 fori
881 737 1096 815 ecclesiastici,

171 833 255 913 quod
271 832 420 912 competit
442 832 574 893 clericis
592 831 682 903 Quod
697 830 820 908 cleriei,
838 849 896 892 nec
918 830 1026 908 inviti,
1043 849 1097 892 scu

170 926 281 1004 coacti,
297 943 355 986 nec
369 924 520 999 volentes,
533 923 712 985 renuntiare
727 923 847 1003 possint
860 923 1023 1002 privilegio
1037 923 1096 985 fori

169 1017 380 1094 ecclesiastici,
394 1019 426 1078 et
437 1016 612 1078 consentire
622 1016 655 1074 in
661 1015 802 1096 judicem
810 1015 935 1093 laicum,
946 1020 980 1078 ut
990 1034 1096 1078 coram

165 1110 218 1172 illo
241 1109 487 1186 convenientur,
510 1108 632 1170 etiamsi
645 1107 838 1188 juraverint,
862 1109 947 1169 hune
958 1108 1097 1189 judicem

164 1220 227 1265 non
241 1201 349 1264 subter
362 1193 556 1280 fugiturum,
573 1219 645 1262 cum
660 1202 720 1263 hoo
734 1201 939 1281 privilegium
953 1220 1016 1263 non
1036 1201 1097 1282 pri-

152 1283 273 1357 'vatum
298 1297 421 1357 tantum
436 1295 528 1356 unius
548 1295 652 1356 clerici
675 1295 815 1356 favorem
835 1297 1021 1372 concernat,
1042 1293 1098 1354 sed

165 1387 222 1451 toti
238 1388 369 1468 collegio
378 1387 565 1450 clericorum
577 1391 706 1467 propter
714 1386 873 1466 publicam
888 1386 1094 1463 honestatem,

168 1484 200 1543 et
211 1481 306 1542 totius
321 1480 438 1541 ordinis
455 1479 607 1541 clericalis
623 1479 776 1540 honorem
791 1497 975 1541 concessum
988 1479 1042 1552 sit,
1067 1483 1098 1540 et

164 1573 390 1654 juramentum,
401 1572 487 1653 quod
501 1573 664 1634 estcontia
677 1571 835 1651 publicam
845 1571 1022 1649 utilitatem,
1034 1589 1097 1632 non

165 1669 280 1728 teneat.
305 1666 423 1728 Volunt
445 1668 551 1726 autem
572 1666 627 1726 SS‘.
651 1682 788 1726 canones
809 1664 889 1725 adeo
906 1668 1012 1726 sancte
1035 1665 1097 1725 hoc

167 1757 346 1835 observari,
363 1762 398 1821 ut
418 1758 450 1818 in
476 1759 589 1838 capite.
607 1757 638 1819 Si
661 1757 821 1836 diligenti,
846 1763 948 1818 cortes
967 1774 1096 1835 poenes,

167 1851 343 1913 amissionis
358 1869 473 1926 causae,
484 1851 571 1912 verb.
585 1868 647 1930 gu,
662 1850 712 1910 vel
726 1848 902 1911 amissionis
911 1849 1005 1926 illius,
1013 1849 1097 1929 quod

167 1944 270 2021 evicit,
285 1943 369 2023 quod
385 1943 539 2006 habeatur
552 1962 570 2003 a
585 1942 804 2004 communione
820 1947 1005 2019 extraneus,
1022 1946 1095 2019 eto,

164 2039 303 2098 statuant
323 2036 354 2096 in
378 2055 449 2114 ecs,
473 2035 526 2117 qui
551 2035 657 2098 taliter
678 2035 876 2112 renuntiant,
900 2038 931 2097 ct
953 2035 1095 2096 saeculari

160 2127 259 2210 judici
273 2147 306 2188 se
321 2127 501 2210 subjiciunt.

113 2235 118 2251 ⁸
204 2221 284 2284 XIV.
302 2224 361 2299 An,
374 2225 405 2283 et
418 2220 453 2282 ob
466 2241 538 2304 quoa
548 2239 657 2300 comcs,
666 2225 697 2284 et
707 2221 833 2303 quando
842 2220 941 2304 judex
951 2219 1090 2301 alioquin

118 2393 119 2396 Ἴ
165 2315 345 2393 competens
360 2313 498 2377 recusari
513 2311 630 2395 possit?
639 2314 797 2395 Quidquid
811 2314 851 2375 sit
861 2313 899 2374 dc
911 2311 983 2393 jure
997 2313 1090 2389 civili,

165 2406 248 2485 quod
263 2408 345 2470 inter
354 2408 533 2487 delegatum
548 2411 579 2468 et
591 2408 784 2469 ordinarium
792 2405 1092 2488 judiceminordine

165 2497 205 2556 ad
224 2499 454 2558 recusationem
470 2499 639 2559 discrimen
654 2500 780 2578 aliquod
795 2499 884 2574 iacit,
902 2499 940 2572 de
956 2497 1027 2577 jure
1041 2514 1093 2557 ca-

164 2587 277 2648 nonico
288 2605 350 2646 non
359 2587 463 2644 minus
471 2588 659 2663 ordinarius,
670 2589 934 2667 quemdelegatus
942 2590 1092 2668 tanquam

163 2680 327 2756 suspectus
354 2678 493 2738 recusari
521 2681 643 2758 potest,
673 2680 697 2738 si
727 2680 921 2758 superiorem
955 2679 1091 2760 aliquem

164 2771 290 2846 habeat,
307 2770 352 2832 ita
365 2774 487 2848 tamen,
506 2775 543 2854 ut
554 2787 650 2831 cause
663 2771 867 2832 recusationis
882 2770 1026 2850 specifice
1042 2789 1092 2830 ex-

164 2862 329 2943 primenda
350 2862 437 2924 sitin
460 2864 564 2925 libello
579 2864 797 2942 recusationis,
815 2868 847 2927 et
867 2882 973 2926 coram
986 2861 1091 2924 electis

165 2955 290 3017 erbitris
304 2955 479 3036 probanda,
497 2957 538 3018 ad
552 2956 665 3018 multas
679 2957 806 3018 fraudes
821 2957 987 3018 carendae.

204 3051 283 3111 Sunt
296 3053 402 3112 autem
423 3050 528 3130 plures
543 3069 645 3112 causae
663 3050 703 3112 ad
724 3051 933 3112 recusandum
951 3049 1091 3130 judicem

162 3141 195 3202 in
210 3140 281 3221 jure
296 3144 495 3222 approbatae:
516 3143 543 3204 si
562 3147 623 3221 cst,
640 3163 671 3205 v.
695 3163 745 3224 g.,
762 3143 934 3224 probabilis
955 3141 1090 3222 suspicio

164 3235 203 3295 de
219 3233 322 3294 minus
344 3240 430 3297 recta
443 3235 606 3298 affectione
625 3236 740 3317 judicis
761 3256 837 3318 erga
848 3240 970 3316 partem
988 3235 1038 3297 vel
1052 3235 1091 3295 de

162 3325 320 3406 imperitia
337 3326 437 3406 illinc,
455 3329 480 3390 si
497 3329 596 3408 judex
610 3347 682 3390 cum
697 3333 786 3409 parte
805 3330 947 3410 litigante
961 3328 1092 3389 iuimici-

163 3418 222 3480 tias
237 3419 341 3499 gerat‚
361 3422 416 3481 eut
432 3438 503 3482 oum
524 3425 613 3501 parte
632 3422 774 3502 litigante
784 3422 883 3504 judex
900 3421 995 3484 etiem
1006 3420 1092 3503 judi·

164 3511 276 3573 cialem
301 3509 439 3590 aliquam
458 3514 704 3576 controversiam
722 3516 855 3590 habeat;
872 3515 897 3576 ei
919 3515 1088 3597 sanguine,
