2578 4012
382 296 420 343 un
442 295 633 345 nuncnunc
654 292 846 348 maceston.
1020 283 1077 346 251

149 438 224 519 priis
239 439 379 520 ipsorum
396 444 576 503 curatorum
596 439 753 516 eeclesiis,
783 442 815 500 et
828 440 990 518 procedit,
1007 441 1081 504 licet

148 532 249 594 curati
266 536 350 594 cotta
372 539 404 594 et
425 534 505 594 stola
523 533 623 594 induti
646 532 718 594 sint.
746 532 822 606 iliad
836 535 934 613 (long.
952 536 990 599 25
1006 533 1076 614 jun.

149 624 252 704 loll.)
275 625 337 686 Sed
361 625 710 704 parochospraeeedere
730 625 824 690 debet
847 626 991 689 omnihus
1011 625 1079 688 aliis

148 717 350 796 preshyteris,
360 718 413 798 qui
423 737 485 780 non
500 721 573 778 sunt
582 717 621 778 de
634 715 818 778 cathedrali.
830 716 874 796 (S.
888 719 985 798 Gorg.
1002 718 1077 796 Rit,

148 810 180 870 in
189 809 299 870 eadem
308 809 401 889 decl.)
412 809 568 872 Parochus
580 807 790 869 locumhabet
798 808 830 869 in
840 809 1002 875 funeribus
1014 827 1079 889 proe

148 900 317 978 canonicis,
331 900 397 961 sine
412 901 541 986 propria
555 919 648 961 cruce
661 899 768 962 etsine
784 918 935 962 concessu
951 901 1081 981 capituli

148 990 375 1054 incedentibus
394 993 482 1072 (Eud.
495 995 592 1071 chg.
611 995 650 1054 20
663 1009 739 1052 nov,
755 991 858 1071 ⁴603.)

187 1087 219 1145 2⁰
244 1084 458 1146 Praecedeutia
480 1083 561 1168 inter
592 1084 744 1162 ipsosmet
771 1083 927 1162 parochus
953 1091 1079 1148 curatos

148 1175 353 1236 eeclesiarum
378 1176 618 1256 parochialium,
642 1175 707 1237 sive
738 1175 801 1239 sint
819 1176 987 1252 seculares,
1012 1176 1079 1238 sive

147 1267 320 1346 regulares,
337 1268 431 1330 datur
445 1268 618 1330 secundnm
629 1267 872 1346 prerogativam
883 1285 1013 1330 suarum
1028 1287 1079 1330 ec-

148 1358 314 1419 clesiarum
324 1359 368 1440 (S.
380 1362 478 1440 [long.
491 1361 553 1422 Rit.
565 1363 599 1421 at
613 1362 706 1421 mart.
719 1357 822 1437 lece),
839 1377 895 1420 seu
904 1360 1079 1424 secundum

148 1449 366 1529 antiquitatem
393 1454 424 1513 et
443 1450 628 1532 dignitatem
651 1451 866 1529 ecclesiarum,
889 1469 952 1518 non
973 1455 1080 1518 autem

146 1541 288 1620 ipsorum
304 1542 515 1622 parochorum
531 1541 582 1623 (l0
598 1542 674 1604 maii
690 1541 791 1622 tete).

188 1635 348 1696 Paruchus
367 1639 562 1715 protonotar,
580 1654 643 1696 nou
657 1635 809 1716 praecedit
825 1635 1078 1715 supraparochos

149 1745 211 1788 nou
232 1727 480 1814 protonotarios,
497 1727 571 1808 quia
588 1727 800 1807 precedentis
821 1726 904 1790 inter
922 1729 1078 1807 parochos

149 1818 284 1880 sumitur
298 1837 336 1880 ex
357 1819 574 1899 praerogativis
599 1819 738 1881 ecclam}
751 1819 952 1898 parochialis.
974 1821 1018 1900 (S.
1041 1822 1075 1882 G.

151 1911 212 1972 nit.
227 1915 260 1974 er
280 1918 373 1973 mart.
392 1911 500 1991 rere.)-

188 2003 444 2068 3⁰1³raeeedantia
457 2003 490 2064 in
503 2003 698 2064 funeralibus
710 2003 844 2064 debetur
857 2003 1078 2083 archipresby-

149 2098 216 2156 tero
235 2095 373 2175 parocho
386 2095 507 2158 ratione
521 2095 620 2172 stolae,
638 2098 670 2157 et
687 2113 750 2157 non
771 2094 993 2162 archidiacono
1013 2095 1079 2175 pri-

150 2205 210 2248 mae
225 2186 368 2266 dignitati
385 2187 429 2266 (S.
445 2190 480 2250 G.
492 2186 552 2250 Rit.
565 2186 671 2248 emat
686 2185 790 2266 tcta.)

188 2281 220 2337 4⁰
234 2278 405 2355 Paroohus,
417 2277 555 2358 exceptis
567 2277 605 2339 iie
615 2295 687 2358 quae
701 2281 774 2340 sunt
784 2277 832 2340 sui
842 2277 947 2356 officii,
958 2279 1078 2346 culam

149 2370 335 2448 regulariter
357 2370 600 2449 precedentium
624 2373 656 2431 et
677 2369 947 2450 praeeminentiam
961 2369 1075 2446 hahat;

150 2466 244 2543 atque
253 2461 326 2524 hinc
335 2465 381 2524 est
394 2462 479 2544 quod
489 2461 645 2542 parochus
654 2461 687 2523 in
701 2461 797 2523 choro
810 2461 915 2524 locum
934 2462 1079 2527 altiorem

150 2559 182 2616 et
195 2555 385 2619 ornatiorem
397 2555 515 2619 habere
530 2554 654 2634 nequit,
672 2571 769 2634 quam
783 2554 888 2618 esuri
903 2554 1077 2633 presbyteri

151 2646 227 2707 inibi
241 2646 431 2709 assistentes.
447 2646 668 2726 (RotalOmaii
680 2649 757 2710 tter
764 2646 785 2726 .)

190 2741 222 2799 5⁰
230 2737 454 2814 Praecedentia,
465 2755 535 2818 quaa
548 2738 681 2800 debetur
690 2737 836 2816 parochis
845 2738 1016 2816 perpetuis,
1027 2755 1077 2798 ea·

152 2829 226 2893 dem
243 2829 376 2892 debetur
389 2830 536 2910 parochis
552 2834 585 2893 et
601 2829 717 2891 curatis
736 2829 954 2892 amovihilihus
965 2828 1007 2899 ad
1020 2847 1078 2890 nu-

151 2923 314 3002 tum,quia
330 2922 425 2984 etiam
437 2920 469 2982 hi
478 2921 618 3000 gaudent
634 2919 850 3001 prerogativis
867 2919 1077 3000 parochorum

151 3018 386 3093 perpetuorum.
404 3013 448 3094 (S.
465 3016 563 3094 (long.
578 3033 606 3075 c.
618 3017 656 3074 ht
666 3016 760 3074 mart.
777 3011 881 3091 ⁴706.)

191 3108 224 3165 θ’
235 3106 367 3168 Paroehi
382 3105 605 3167 manutenendi
615 3107 688 3166 sunt
699 3104 731 3165 in
741 3103 937 3184 possessione
948 3102 1077 3165 sedendi

152 3196 288 3259 installis
299 3199 533 3266 canonicalibus
540 3200 727 3277 postomnes
736 3197 913 3258 canonicos.
924 3195 1075 3276 (S.Gong.

152 3288 215 3351 Rit.
225 3291 367 3352 23mart.
385 3290 487 3370 tall.)
502 3291 542 3352 nt
560 3287 690 3369 parochi
709 3287 853 3350 sedentes
866 3291 938 3367 post
952 3289 1078 3350 canoni·

154 3380 284 3457 coa,sed
294 3379 327 3440 in
336 3382 447 3443 eodem
459 3400 597 3460 scamno,
608 3379 809 3444 thurificandi
819 3379 1078 3448 suntimmediata

153 3474 225 3562 post
237 3471 404 3554 dignitates
416 3479 447 3536 et
458 3474 624 3538 canonicos
638 3473 721 3536 illius
732 3471 830 3554 partis
848 3471 883 3536 in
905 3490 968 3550 uua
981 3471 1078 3561 aliqui
