2584 4022
125 293 126 298 ,
155 242 195 304 ta
297 286 299 290 Α
357 247 687 300 1nsrururrcuasaun1s
709 245 863 296 0111011101.

156 394 308 481 pertinet,
325 393 390 458 aine
410 393 504 476 hujus
517 395 624 457 tamma
639 393 795 455 decisione
810 393 841 452 in
856 408 952 454 causa
972 391 1084 470 princi-

156 491 220 572 pali
234 488 323 570 pergi
339 505 402 550 non
416 489 529 567 potest,
544 504 606 551 non
620 485 913 568 dehetpriusjudex
926 483 1084 546 secularis
1185 533 1187 537 .

157 600 348 664 cognoscere
360 599 455 661 super
469 599 564 643 causa
578 579 753 662 principali,
771 596 866 660 quam
878 577 930 638 illa
945 577 1085 638 incidens

158 674 290 758 quaestio
304 693 324 736 a
337 673 446 757 judice
469 673 640 736 ecclesiast
618 677 679 736 trec
694 671 800 736 decisa
824 671 933 746 fuerit,
960 689 1031 732 cum
1045 669 1085 730 ab

157 767 251 849 hujus
266 766 425 829 decisione
438 764 614 848 dependeat
626 747 1084 846 11111111(111011011100011111111,

159 860 263 942 quoad
290 878 418 924 causam
439 859 662 939 principalem,
683 876 834 938 suspensa
855 855 1005 918 maneat
993 856 1086 936 Juris-
1127 924 1129 928 ,

159 953 231 1016 dict
210 956 273 1030 tro,
290 952 367 1014 dum
387 970 405 1012 a
422 951 529 1032 judice
549 951 758 1014 ecclesiastico
782 951 851 1012 haec
864 948 1084 1030 praejudicialis

158 1045 299 1108 incidens
313 1044 418 1106 decisa
432 1044 542 1122 fuerit,
560 1045 601 1106 ad
615 1044 703 1125 cujus
715 1043 852 1104 tribunal
866 1047 940 1104 tunc
956 1040 1084 1121 quaestio

158 1138 299 1200 incidens
334 1135 455 1198 ratione
487 1135 713 1216 spiritualitatis
755 1135 901 1214 pertinet.
941 1134 1084 1207 Quinimc

157 1231 189 1292 in
205 1231 306 1293 causis
321 1247 377 1310 per
399 1249 432 1292 sc
457 1236 488 1292 et
510 1249 547 1291 ex
566 1229 690 1310 objecto
717 1247 773 1291 suo
797 1226 1010 1309 spiritualibus
1030 1245 1084 1287 seu

158 1323 386 1402 ecclesiasticis,
406 1326 510 1403 potest
518 1322 618 1405 judex
633 1321 870 1398 ecclesiasticus,
889 1321 940 1382 vel
961 1339 999 1380 ex
1013 1338 1085 1399 pro-

124 1497 126 1500 ,
157 1417 226 1498 prio
246 1420 353 1495 motu,
376 1416 426 1478 vel
450 1417 491 1478 ad
514 1416 695 1478 instantiam
713 1414 811 1495 partis
833 1413 975 1474 inhibere
987 1406 1084 1493 judici
1145 1455 1146 1458 ,

158 1509 313 1588 seculari,
326 1527 365 1570 ne
374 1509 406 1570 in
414 1527 509 1572 caasa
518 1509 682 1588 principali
695 1511 769 1588 agat
778 1506 907 1586 aliquid,
918 1509 1085 1585 antequam

158 1601 299 1664 incidens
311 1601 365 1663 illa
379 1601 484 1662 decisa
498 1601 601 1663 fuerit.

199 1694 290 1768 Quod
304 1693 329 1756 si
340 1696 445 1756 10111011
461 1712 556 1756 cansa
570 1693 733 1773 principali
749 1711 857 1757 coram
867 1692 974 1773 judice
989 1711 1087 1754 saecu-

158 1786 217 1850 lari
228 1786 296 1868 jem
305 1790 401 1864 mota,
414 1787 545 1869 queastio
555 1785 777 1867 praejudicialis
795 1786 913 1849 incidat
931 1787 971 1848 ad
984 1787 1086 1848 forum

1 1893 2 1900 ¹
75 1917 79 1927 ·
159 1879 250 1942 civile
263 1879 432 1959 pertinens,
447 1883 550 1959 potest
562 1879 690 1959 quidem
699 1879 797 1960 judex
819 1879 976 1942 saecularis
992 1880 1086 1940 etiam

159 1974 199 2034 de
215 1973 274 2034 hac
284 1971 441 2034 incidente
451 1973 622 2053 quaestione
635 1991 835 2052 cognoscere,
847 1974 872 2036 si
885 1992 948 2035 non
958 1972 1087 2034 excedat

159 2063 507 2145 illiusjurisdictionem3
520 2066 606 2145 prius
618 2069 724 2128 tamen
735 2066 774 2127 de
788 2085 825 2128 ea
828 2066 970 2146 judicare
981 2066 1084 2141 dehet,

161 2175 255 2240 quem
267 2158 306 2219 de
316 2176 411 2220 cansa
421 2158 596 2239 principali,
607 2176 678 2222 carn
691 2159 744 2221 illa
757 2161 891 2241 probata
903 2159 1008 2222 locum
1024 2177 1085 2220 ncn

159 2250 276 2314 habeat
290 2269 385 2314 causa
399 2252 590 2333 principalis.

539 2411 643 2464 CAPUT
660 2410 705 2464 111.

320 2548 353 2586 nu
368 2536 456 2586 'clusa
473 2547 659 2589 rossussrcurs
674 2550 708 2588 ar
725 2550 926 2591 caerularius
1002 2547 1011 2564 ¹

140 2703 143 2710 ·
200 2681 223 2740 1.
250 2675 336 2755 Quid,
353 2685 382 2738 et
393 2677 553 2759 quotuplex
563 2678 602 2738 sit
607 2679 758 2758 possessio,
775 2684 806 2742 et
818 2681 975 2760 quomodo
987 2699 1087 2759 apra-

159 2769 293 2848 prietate
304 2770 437 2847 differat,
455 2773 486 2831 et
501 2787 570 2852 quae
584 2770 646 2832 sint
662 2771 839 2849 commoda,
856 2790 910 2832 seu
923 2771 1086 2850 privilegia

159 2861 387 2940 possessionis?
405 2862 563 2924 Possessio
585 2864 791 2925 communiter
810 2864 957 2926 definitur
978 2865 1010 2924 in
1032 2882 1087 2943 ge-

159 2972 245 3031 nere,
261 2955 345 3035 quod
358 2955 398 3016 sit
406 2955 451 3016 rei
462 2956 633 3035 corporalis
642 2957 924 3036 apprehensio,sen
935 2956 1083 3033 detentio,
1179 2948 1182 2953 ’

160 3048 275 3124 animi,
303 3049 442 3129 corporis
467 3055 498 3110 ct
521 3049 601 3130 juris
622 3049 823 3130 adminiculo.
845 3050 964 3112 Dicitur
984 3050 1085 3130 primo

159 3139 378 3218 apprehensio,
386 3161 441 3203 seu
452 3142 600 3219 detentio,
609 3161 682 3204 vere
693 3143 811 3204 scilicet
820 3143 964 3204 manibus
973 3162 1086 3223 appre-

158 3229 326 3292 hendendo
338 3250 416 3310 rem,
425 3235 557 3313 pedihus
567 3236 749 3314 insistendo,
757 3236 930 3315 fundando,
940 3237 990 3298 vel
999 3239 1084 3313 ficte,

155 3321 235 3402 juris
250 3322 368 3385 scilicet
381 3325 517 3404 fictione,
534 3328 625 3408 juxta
640 3348 710 3409 quae
724 3328 798 3409 jura
809 3329 927 3393 visione
942 3348 1085 3391 nonnun-

159 3431 253 3495 quam
277 3415 309 3478 in
325 3415 416 3478 certis
431 3418 691 3499 circumstantiis,
707 3423 762 3484 aut
782 3422 862 3502 signi
883 3422 1015 3505 alicujus
1029 3442 1086 3507 ap-
