2578 4012
398 296 437 341 oo
459 295 650 340 ursnunouni
672 294 864 340 ormcusnru.
1036 282 1094 341 169

163 439 291 503 batione
311 438 480 518 superioris
498 438 668 517 regularis,
685 438 805 516 absque
826 437 953 498 licentia
971 440 1002 499 et
1022 456 1094 500 oon·

115 607 119 613 ¹
165 552 258 595 sensu
273 532 420 613 episcopi.
439 531 485 611 (S.
502 529 536 593 C.
554 529 587 593 C.
605 529 708 608 1581.)

205 629 239 687 3⁰
259 625 433 704 Episcopus
453 622 677 704 (Mazariensis)
697 623 820 702 ingredi
843 627 946 702 potest
968 642 1095 687 monas-

164 719 244 781 teria
258 735 322 778 suae
335 715 479 778 dioecesis
489 716 607 795 absque
619 715 684 775 ulla
693 715 877 777 limitatione
890 717 1021 778 serratis
1032 735 1096 778 ser·

164 811 292 888 randis,
318 810 443 891 quaudo
466 811 597 870 vocatur
615 809 656 869 ab
677 808 783 887 aliqua
801 809 930 869 moniali
951 809 1092 887 infirma,

165 923 234 984 quae
260 922 317 983 pro
342 921 400 964 sua
424 901 590 964 devotione
611 901 678 962 vult
700 901 928 962 confessionem
956 901 1091 981 explere.

165 996 213 1077 (C.
230 995 264 1058 C.
280 1000 299 1058 b
308 995 370 1076 jul.
385 996 498 1075 1111.)

204 1095 235 1150 1ο
257 1091 429 1168 Episcopus
451 1106 514 1149 non
544 1089 638 1149 debet
656 1088 780 1149 auferre
808 1087 997 1150 monialibus
1019 1088 1091 1168 jus,

166 1183 250 1262 quod
271 1181 406 1258 habent,
425 1181 562 1260 eligendi
576 1181 744 1254 officiales3
761 1180 890 1241 libertas
910 1180 994 1241 enim
1015 1183 1094 1242 tales

165 1274 313 1337 officiales
335 1273 470 1354 eligendi
493 1292 555 1334 non
581 1276 629 1335 est
654 1273 758 1334 abeis
783 1273 969 1350 auferenda,
992 1282 1094 1354 neque

165 1368 206 1428 ad
220 1370 321 1429 certas
333 1385 483 1446 personas
497 1365 696 1442 coarctanda,
718 1365 840 1444 quoties
860 1364 970 1426 electio
985 1366 1040 1426 fiet
1054 1366 1094 1426 de

164 1459 308 1539 personis
334 1462 444 1536 aetate,
470 1458 612 1520 moribus
640 1461 671 1519 et
703 1457 896 1536 experientia
923 1457 1090 1520 habilibus.

165 1552 212 1632 (S.
227 1551 260 1614 C.
272 1552 335 1632 Ep.
350 1559 379 1612 et
390 1551 465 1631 dep.
483 1550 718 1630 remetitur.)

203 1649 235 1706 5⁰
255 1645 427 1724 Episcopus
442 1648 545 1724 potest
564 1644 714 1706 interesse
738 1645 903 1706 abbatissae
928 1644 1091 1721 electioni,

162 1738 390 1818 juxtaformam
401 1737 620 1801 declarationis
630 1740 702 1816 post
713 1737 967 1799 constitutionem
978 1739 1095 1816 Grego-

163 1831 285 1891 rianam
296 1831 371 1909 (qua
382 1831 561 1893 declaratur
569 1830 751 1908 episcopum
761 1848 820 1906 per
829 1848 861 1890 se
871 1830 921 1891 vel
931 1847 988 1907 per
997 1830 1094 1890 alium

164 1923 313 1984 interesse
329 1941 366 1985 ae
379 1923 548 2002 praesidere
558 1922 672 2002 posse).
691 1919 738 1996 [C.
758 1920 791 1983 C.
805 1925 844 1984 26
851 1921 920 2001 jon.
939 1922 1039 1996 1691.)
1055 1923 1094 1982 lit

164 2016 198 2076 in
215 2016 436 2077 Wormatiens.
455 2015 553 2096 (ojus.
578 2015 666 2095 1116)
684 2013 785 2075 sanxit
804 2014 915 2074 eadem
936 2032 1042 2094 cong„
1059 2017 1094 2076 ut

166 2108 268 2188 posita
280 2108 428 2169 facultate
442 2127 499 2189 per
513 2108 635 2170 constit.
657 2109 748 2186 Greg.
771 2106 925 2185 episcopis
944 2124 1093 2168 concessa

165 2201 392 2262 interveniendi
407 2204 438 2262 et
448 2201 636 2279 praesidendi
647 2199 849 2261 electionibus
864 2199 1093 2262 abbatissarum

166 2312 222 2372 per
245 2311 277 2354 se
292 2293 342 2354 vel
363 2311 422 2373 per
435 2293 548 2370 alium,
573 2311 636 2354 non
654 2293 748 2353 licere
766 2291 923 2353 ordinario
942 2291 1092 2370 praedicto

165 2386 315 2448 interesse
330 2389 362 2447 et
370 2385 539 2465 praesidere
548 2403 606 2465 per
618 2386 723 2464 plures
735 2383 964 2447 commissarios
977 2383 1092 2463 abipso

166 2479 341 2558 deputatos.

205 2575 237 2632 6ο
258 2572 307 2633 Ad
321 2572 424 2650 ipsum
440 2572 632 2634 ordinarium
644 2589 706 2633 non
724 2574 845 2650 spectat
854 2571 907 2651 jus
919 2571 1094 2633 abbatissas

167 2664 280 2725 electas
296 2665 511 2726 confirmandi.
528 2662 575 2744 (C.
590 2663 623 2725 C.
643 2667 762 2745 l'leept.
780 2663 881 2743 1116.)
898 2667 961 2726 Nec
977 2664 1029 2744 jus
1042 2663 1095 2725 de·

167 2757 330 2818 nuntiandi
353 2760 385 2817 et
405 2755 633 2817 determinandi
658 2757 742 2818 diem
765 2757 924 2819 electionis
942 2756 1094 2817 faciendae

115 2845 117 2852 ⁴
167 2850 315 2927 competit
330 2848 486 2930 (episeopo
500 2848 744 2928 wormatiensi),
761 2849 816 2910 sed
835 2849 933 2910 abbas
946 2848 1094 2928 (liberbe-

167 2942 277 3019 censis,
286 2961 340 3002 seu
352 2940 494 3020 superior
505 2942 657 3019 regularis
671 2941 852 3004 monasterii
865 2942 903 3001 dc
917 2958 978 3021 quo
992 2941 1095 3028 agitur

166 3036 198 3096 in
213 3036 272 3096 hac
287 3034 393 3114 causa)
409 3035 470 3096 hoc
478 3033 531 3114 jus
545 3033 650 3095 habet.
666 3033 756 3114 (End.
773 3033 846 3096 dccl.
863 3033 931 3095 dub.
948 3033 992 3113 6.)

205 3134 237 3190 '1⁰
251 3129 356 3190 Potest
369 3128 533 3206 episcopus
549 3126 690 3188 inhibere
702 3126 898 3206 regularibus
918 3125 1094 3204 presertim

167 3221 422 3285 Cisterciensibus
442 3224 473 3282 et
487 3219 708 3296 Benedictinis,
730 3222 765 3291 ut
778 3219 844 3280 sine
858 3218 1001 3279 examine
1014 3218 1095 3280 ordi-

167 3315 247 3376 narii
261 3315 382 3395 puellas
397 3314 437 3374 ad
452 3313 595 3388 habitum
615 3315 646 3373 et
663 3311 888 3392 professionem
909 3310 1092 3390 admittant,

168 3411 200 3471 ct
209 3408 339 3486 praecise
350 3427 389 3467 ne
400 3407 440 3467 ad
448 3406 632 3469 electionem
640 3405 870 3468 abbatissarum
880 3408 1095 3485 exemptarum

169 3500 347 3578 devenient,
364 3517 426 3562 non
441 3499 616 3578 significata
628 3498 785 3562 ordinario
799 3497 849 3558 dic
862 3498 1031 3574 electionis,
1044 3496 1094 3558 oui

949 3601 994 3661 ¹2*
