2586 4020
230 273 287 334 lta
445 279 673 328 rusrmrrrouns
692 281 776 330 tants
798 279 953 327 oeuonrot
1054 277 1056 282 ·

228 425 332 507 exigui
346 425 499 488 momenti
507 443 603 487 causa
613 425 704 502 foret,
712 424 794 486 inter
807 425 885 486 viles
898 424 1075 506 presertim
1085 441 1165 508 por·
1269 413 1270 428 ³

227 539 337 598 sonas,
360 537 430 599 quae
452 519 518 580 sine
545 517 661 598 scripto
685 517 912 597 expediuntur,
940 524 995 579 aut
1018 519 1164 582 ferialia

226 612 418 678 consuetudo
441 616 537 688 esset,
553 629 623 692 quae
638 610 799 673 observari
812 611 922 688 debet,
938 617 992 672 aut
1002 611 1162 676 sententia

225 713 349 769 tantum
365 707 448 767 osset
460 704 716 777 interlocutoria;
732 703 782 764 vel
804 703 836 764 in
851 723 947 766 causa
958 704 1093 782 notoria,
1107 705 1162 766 vel

146 828 152 832 ·
225 796 1088 882 personaesontontiamtalemferentesillustresessent,
1103 805 1161 860 aut

224 891 419 971 indignitate
432 891 620 966 constituta,
629 889 742 970 quihus
751 889 934 951 conceditur
940 891 979 952 oh
993 889 1159 970 dignitatis

224 983 475 1065 praerogativam,
484 986 519 1043 ut
529 982 715 1044 sententiam
726 982 758 1042 in
768 981 883 1062 scripto
898 985 1083 1063 conceptam
1098 1001 1158 1064 per

223 1077 319 1146 alium
331 1075 472 1156 partibus
486 1075 625 1154 proferre
639 1074 769 1155 possint,
784 1077 843 1138 eto.

262 1169 362 1230 Debet
389 1171 496 1230 autem
521 1169 676 1231 sententia
696 1167 772 1230 ferri
784 1168 817 1228 in
844 1166 914 1229 loco
939 1166 1083 1248 publico,
1100 1168 1158 1230 ubi

223 1261 359 1324 tribunal
373 1260 568 1323 ordinarium
582 1261 677 1322 habet
683 1260 782 1341 judex
796 1260 833 1340 (si
848 1259 1025 1322 ordinarius
1039 1261 1089 1338 sit,
1104 1261 1156 1322 vel

222 1355 248 1416 si
263 1355 425 1434 delegatus
436 1354 477 1416 sit
490 1354 531 1414 ad
542 1353 779 1416 universitatem
791 1370 958 1414 causarum
970 1352 1003 1413 in
1011 1352 1082 1414 loco
1099 1353 1157 1414 de·

221 1447 371 1527 legantis3
386 1447 499 1509 sivero
511 1446 673 1527 delegatus
686 1446 780 1507 sitad
795 1445 1017 1524 particularem
1030 1448 1154 1508 tantum

222 1556 351 1602 oausam
360 1538 578 1614 decidendam,
590 1539 671 1601 ferre
686 1538 872 1600 sententiam
884 1541 988 1616 potest
998 1538 1030 1598 in
1042 1538 1155 1619 quovis

221 1631 290 1692 loco
319 1631 451 1692 honesto
474 1632 505 1692 et
528 1648 685 1710 congruo,
709 1649 781 1692 oum
798 1637 918 1692 certum
933 1630 1071 1693 tribunal
1091 1649 1156 1692 non

222 1721 361 1802 lrabeat),
377 1727 408 1784 et
420 1727 562 1801 tempore
575 1740 726 1803 congruo,
744 1723 794 1784 die
817 1723 884 1784 scil.
901 1741 965 1784 non
982 1723 1105 1801 feriato,
1122 1727 1155 1784 et

224 1833 260 1876 co
275 1820 418 1896 tempore
441 1816 482 1878 ad
498 1816 584 1897 quod
599 1814 704 1877 citatio
718 1817 803 1877 facta
816 1816 894 1890 fuit3
911 1815 950 1878 de
963 1815 1029 1893 die,
1047 1818 1078 1878 et
1089 1833 1154 1878 non

222 1907 261 1968 de
289 1909 399 1981 noete3
430 1911 497 1969 tum
521 1911 556 1970 ut
577 1907 662 1968 omni
690 1907 816 1970 falsitati
838 1908 1071 1988 praeveniatur,
1101 1908 1154 1968 cui

219 1999 358 2061 tenebrae
368 1999 473 2080 potius
485 2018 580 2080 quam
592 1999 658 2060 dies
669 2001 859 2079 conducunt,
871 2003 940 2062 tum
951 2006 1032 2062 utne
1046 2005 1153 2079 partos

82 2081 98 2170 Ἰ
220 2092 478 2154 extraordinariae
502 2096 684 2172 graventur,
705 2091 731 2153 si
754 2093 804 2154 vel
825 2092 912 2170 loco,
938 2093 988 2154 vel
1007 2095 1152 2171 tempore

220 2183 467 2246 extraordinario
482 2203 664 2264 comparere
676 2184 822 2262 debeant,
835 2189 894 2250 eto.
905 2185 1037 2248 Multum
1044 2189 1151 2247 tamen

219 2277 251 2339 in
266 2276 314 2339 his
329 2280 433 2358 potest
453 2277 594 2359 ipsarum
608 2278 745 2357 portium
762 2277 952 2358 litigantium
967 2283 1147 2356 consensus,

220 2376 250 2431 et
265 2368 326 2433 loci
340 2371 544 2449 consuetudo,
561 2390 632 2451 que
647 2370 945 2435 observaridebent.

258 2463 296 2523 V.
327 2463 488 2526 Sententia
517 2463 591 2524 ferri
621 2463 715 2525 debet
748 2464 922 2525 secundum
945 2467 1087 2526 tenorem
1118 2467 1150 2527 et

217 2555 343 2635 scenam
358 2555 459 2632 libelli,
469 2554 634 2633 etquidem
641 2555 674 2615 in
681 2556 781 2617 tribus
791 2556 959 2618 conformis
974 2575 1041 2620 esse
1054 2556 1149 2619 debet

217 2645 323 2708 libello
337 2646 501 2710 sententia.
516 2649 552 2708 ln
571 2665 605 2707 re
620 2647 739 2709 scilicet
758 2648 804 2729 (ut
814 2649 913 2730 judex
931 2668 993 2712 non
1009 2667 1148 2731 pronun-

100 2799 103 2806 ,
217 2738 274 2800 tiet
296 2738 334 2798 de
349 2738 410 2800 alia
422 2757 468 2815 re,
479 2757 580 2819 quam
595 2758 665 2820 quae
677 2740 776 2818 petita
790 2744 846 2819 est,
861 2742 921 2804 nisi
933 2741 1150 2805 universaliter

217 2830 270 2892 illa
283 2830 357 2892 insit
368 2831 413 2892 rei
425 2830 550 2910 petite:
567 2835 622 2894 aut
644 2850 750 2911 causa,
765 2851 835 2914 quae
850 2835 963 2915 egitur,
978 2835 1072 2897 tuerit
1088 2835 1148 2897 cri-

215 2924 360 2998 minalis;
385 2924 435 2985 vel
457 2924 490 2984 in
516 2943 662 3004 supremo
684 2926 832 2989 tribunali
853 2928 990 3008 agatur),
1004 2929 1036 2989 in
1051 2946 1146 2990 eausa

215 3015 342 3098 petendi
363 3017 410 3098 (ut
427 3016 526 3099 judex
549 3018 644 3082 aliam
666 3037 795 3082 oausam
809 3038 872 3083 non
891 3022 1053 3103 proferat),
1068 3021 1146 3084 etin

215 3110 337 3172 actione
349 3110 395 3191 (ut
409 3128 480 3171 eam
494 3111 649 3175 actionem
659 3120 810 3193 sequatur
820 3113 928 3194 judex,
950 3133 1045 3194 quam
1059 3118 1147 3177 actor

213 3201 370 3283 instituit),
387 3203 453 3265 sive
465 3204 664 3284 condemnet,
681 3205 747 3268 sive
762 3207 914 3270 absolvat.

255 3296 289 3358 Si
301 3297 472 3378 specialem
484 3317 612 3362 oausam
624 3299 777 3380 expressit
791 3303 880 3362 actor
893 3301 926 3362 in
944 3320 1001 3363 suo
1025 3301 1142 3379 libello,

201 3392 247 3451 ,et
261 3407 331 3453 eom
345 3393 480 3472 probare
494 3411 558 3455 non
571 3393 686 3474 possit,
707 3394 884 3457 succumb't
901 3394 933 3456 in
953 3391 1085 3474 judicio,
1111 3397 1144 3458 et

201 3500 287 3545 ,reus
299 3484 491 3560 absolvitur3
510 3485 652 3566 quamvis
664 3484 831 3565 postlitem
843 3489 1049 3552 contestatam
1063 3491 1145 3562 noro
