2578 4012
178 253 238 316 2³4
387 265 618 314 maurimontis
638 263 721 312 sums
742 263 897 310 canonlol.

172 410 286 488 nibus,
311 409 344 472 in
368 413 399 488 6,
421 428 493 472 oum
519 407 683 485 similibus,
709 410 850 470 cessante
874 427 931 470 seu
956 429 1122 492 suspensa

172 502 389 584 jurisdiotione
414 502 570 584 episcopi,
601 503 704 562 eessat
725 503 756 563 θῖ
779 509 922 566 remanet
954 521 1117 584 suspensa

178 594 273 658 eliam
282 595 457 676 jurisdictio
468 594 565 675 ipsius
575 593 683 656 vioarii
698 595 865 673 generalis.

210 775 427 832 Aaronom
443 773 479 828 Ile
495 775 655 841 differentiis
674 774 841 828 vertentibus
855 775 928 829 inter
941 776 1081 830 olearium

442 850 594 917 peroratam
612 853 637 904 et
655 849 846 916 capitularem.

221 1021 325 1083 Prima
337 1021 512 1082 differentia
526 1020 608 1082 inter
621 1019 773 1082 vicarium
786 1020 967 1102 generalem
981 1024 1012 1083 et
1026 1022 1113 1100 oapi-

182 1111 1109 1193 tularemestqdodvieariusoapitularisdebetessedootor‚

180 1206 205 1267 si
223 1207 323 1284 adsit,
337 1205 414 1268 alias
428 1206 537 1268 electio
556 1209 602 1268 θεῖ
615 1205 710 1266 nulla.
728 1205 771 1285 (S.
790 1207 822 1267 G.
840 1207 872 1267 C.
893 1208 929 1267 13
944 1205 1014 1286 julii
1033 1209 1112 1268 loos

181 1303 212 1360 θῖ
232 1298 474 1379 sepenumero.)
493 1298 635 1361 vicarius
650 1316 724 1360 vero
751 1297 907 1377 generalis
929 1302 1031 1378 potest
1058 1299 1113 1359 ali·

180 1392 306 1473 quando
321 1411 384 1453 non
400 1410 468 1454 esse
488 1391 607 1468 dootm,
632 1390 767 1451 maxime
793 1392 918 1471 quando
943 1391 1112 1471 episeopus

180 1487 227 1546 est
237 1483 361 1564 jurista.

219 1576 365 1638 Secunda
388 1575 562 1655 differentia
582 1579 629 1637 est
652 1576 737 1657 quod
767 1576 902 1638 vicarius
928 1577 1110 1659 capitularis

179 1672 250 1750 post
262 1669 448 1729 electionem
459 1667 598 1747 legitime
610 1668 727 1731 laetam
741 1688 804 1732 non
817 1672 920 1749 potest
934 1689 953 1730 a
972 1670 1109 1749 capitulo

180 1762 221 1822 ad
233 1760 357 1822 lihitum
370 1760 535 1822 removeri.
554 1761 695 1823 Vioarius
711 1766 817 1824 autem
835 1763 990 1841 generalis
1005 1766 1111 1844 potest

180 1856 343 1916 adnutum
364 1856 395 1916 et
414 1852 578 1915 arbitrium
599 1855 749 1932 amoveri,
776 1855 1039 1935 quandocumque
1062 1854 1109 1914 illi

180 1947 342 2030 placuerit.

219 2053 324 2116 Tertia
339 2053 515 2114 differentia
525 2051 665 2132 estquod
685 2052 820 2114 vicarius
841 2051 1020 2132 capitularis
1045 2071 1110 2112 non

179 2150 358 2229 potestesse
371 2145 429 2207 nisi
442 2165 522 2206 unus
534 2149 667 2208 tantum.
682 2146 824 2208 Viearius
835 2149 940 2206 autem
952 2145 1110 2224 generalis

178 2243 281 2322 potest
302 2258 369 2300 essa
384 2257 447 2301 non
462 2239 564 2301 solum
578 2257 659 2301 unus
677 2285 684 2316 ,
703 2239 758 2300 sed
780 2243 811 2300 et
832 2239 938 2318 plures
963 2237 1108 2316 deputari

203 2337 321 2397 essunt.

179 2354 199 2417 p
219 2429 336 2500 Quarta
351 2425 525 2487 differentia
535 2427 581 2486 est
594 2423 678 2504 qnod
690 2423 825 2487 vicarius
837 2423 993 2503 generalis
1005 2426 1109 2504 potest

179 2518 324 2583 constitui
339 2519 537 2597 abepiscopo
553 2535 625 2578 eum
644 2519 676 2578 et
689 2518 755 2578 sine
772 2516 979 2594 limitatione,
1004 2517 1107 2580 dando

178 2611 222 2674 illi
236 2610 390 2690 majorem
402 2610 452 2671 val
466 2611 620 2671 minorem
637 2610 837 2688 facultatem,
853 2614 947 2689 prout
956 2610 1020 2670 sihi
1041 2609 1109 2687 pla-

180 2704 290 2782 ouerit,
306 2707 340 2766 ut
351 2706 436 2765 tenet
448 2703 622 2764 eommunis
643 2703 807 2765 doctorum
829 2705 860 2765 et
879 2703 970 2764 docet
987 2701 1105 2782 praxis,
1199 2727 1201 2732 .

179 2799 327 2880 patetque
343 2815 381 2856 ex
398 2793 499 2858 dietis
515 2795 657 2857 Viearius
675 2813 751 2856 vero
764 2795 944 2875 capitularis
959 2813 1021 2856 non
1035 2812 1107 2856 eon·

179 2891 317 2954 stituitur
330 2908 402 2951 eum
417 2889 523 2969 aliqua
535 2887 732 2950 limitatione.

219 2997 332 3069 Quinta
345 2994 518 3057 differentia
529 2997 575 3056 est
586 2994 670 3073 quod
683 2995 819 3056 vicarius
833 2993 989 3074 generalis
1009 2991 1107 3072 possit

179 3111 247 3153 esse
268 3089 399 3170 quilibet
415 3091 538 3149 exterus
563 3087 602 3146 ad
625 3086 748 3149 libitum
763 3087 915 3167 episeopi;
937 3087 1000 3148 imo
1019 3089 1106 3148 tene-

179 3189 231 3248 tur
239 3183 404 3264 episeopus
419 3187 560 3242 exterum
572 3181 698 3260 eligere.
717 3180 858 3244 vicarius
870 3184 976 3240 autem
989 3179 1105 3258 eapitu-

178 3276 252 3336 laris
264 3276 359 3336 dehet
369 3293 435 3336 esse
448 3274 487 3335 de
501 3273 621 3353 gremio
637 3273 774 3352 capituli,
792 3272 831 3332 sit
845 3272 926 3333 adsit
939 3272 1082 3335 idoneus.

218 3381 312 3440 Sexta
331 3381 506 3442 differentia
520 3383 567 3441 est
584 3378 667 3458 quod
681 3377 816 3439 vicarius
829 3379 984 3458 generalis
998 3378 1107 3458 nequit

179 3487 324 3533 exercere
342 3473 443 3533 totam
458 3468 708 3549 jurisdictionem
733 3470 870 3549 episcopi
889 3471 1008 3552 absque
1033 3488 1105 3549 spe-
