2584 4022
183 234 221 303 ll
401 241 735 300 1rsr1rur'1ouesrun1s
757 251 912 300 orrorrcr.

216 395 286 458 llll.
312 393 457 470 Quomodo
470 395 597 478 finiatur
607 393 782 477 judiciam?
795 395 954 458 iudicium
977 393 1045 458 sine
1067 393 1114 457 in·

181 487 296 552 stantia
308 488 418 570 judicii
438 489 561 552 duobus
575 489 677 550 modis
689 488 807 566 finitur,
825 488 1018 569 perlapsum
1034 491 1114 551 tem-

180 581 280 663 poris,
306 585 338 644 et
357 598 414 662 per
435 582 666 647 absolutionem
686 583 726 644 ab
745 581 964 644 observatione
975 581 1109 662 judicii:

181 693 238 756 par
251 675 375 755 lapsum
388 674 553 754 temporis,
569 675 690 755 dejure
706 673 806 752 civili,
823 673 904 754 perit
918 673 1067 736 instantia
1080 673 1112 734 in

183 787 277 831 causa
291 767 443 832 criminali
465 767 548 829 intra
560 767 742 842 biennium
759 767 791 826 in
811 784 907 828 causa
923 782 999 828 varo
1016 766 1109 844 civili,

181 862 264 924 intra
276 858 446 922 triennium
459 859 552 921 alitis
571 859 798 922 contestatione
814 859 1055 924 numerandum.
1068 861 1112 920 Da

178 954 250 1036 jure
264 956 370 1014 tamen
387 951 537 1013 canonico
558 969 616 1013 nec
633 971 691 1033 per
708 953 832 1031 lapsum
854 950 1036 1029 triennalis,
1056 969 1113 1030 per

181 1046 305 1126 lapsum
321 1043 475 1107 biennalis
489 1045 639 1125 temporis
654 1044 791 1124 exspirat
809 1043 972 1121 instantia,
990 1043 1056 1104 sive
1079 1044 1110 1104 in

182 1137 344 1214 civilibus,
360 1136 425 1200 sive
443 1136 475 1198 in
491 1137 704 1199 criminalibus
720 1137 834 1198 causis.
1078 1151 1081 1155 ·

218 1229 298 1304 Quia
309 1247 372 1292 non
386 1231 574 1310 expediebat
588 1230 705 1292 dictem
718 1231 822 1310 legem
833 1226 972 1306 civilem,
986 1229 1026 1290 de
1040 1246 1109 1308 par·

179 1328 272 1387 eunte
289 1323 439 1386 instantia
452 1342 510 1405 par
528 1325 653 1404 lapsum
667 1323 744 1384 certi
757 1321 907 1403 temporis
917 1321 1024 1402 recipi,
1039 1339 1108 1383 cam

178 1418 232 1480 tali
248 1417 343 1479 modo
366 1435 428 1478 non
442 1418 660 1479 consuleretur
675 1414 878 1496 expediendis
899 1414 960 1476 cito
984 1414 1108 1489 litibus,

177 1510 234 1571 sed
248 1509 297 1570 hae
312 1508 417 1588 potius
433 1511 545 1570 tierent
556 1509 768 1585 immortales,
786 1525 858 1569 oum
873 1505 912 1568 de
932 1507 1004 1588 jure
1027 1507 1111 1568 civili

177 1602 267 1664 finito
278 1601 413 1663 triennio
428 1601 515 1664 litem
530 1602 674 1662 eamdem
694 1601 844 1662 inchoare
862 1600 979 1662 iterum
992 1600 1111 1679 potuis-

178 1698 247 1756 sent
257 1697 375 1774 partea,
393 1713 431 1756 ac
445 1695 471 1756 si
486 1693 565 1755 nihil
579 1712 719 1773 unquam
733 1696 855 1755 motum
869 1693 988 1770 luisset,
1006 1695 1038 1754 et
1051 1694 1110 1754 fre-

179 1787 348 1868 quentibus
358 1787 621 1866 appellationibus
636 1805 654 1847 a
671 1785 832 1847 sententiis
845 1784 1107 1862 interlocutoriis,

179 1897 249 1960 quaa
272 1879 312 1940 de
332 1879 404 1961 jure
422 1880 591 1957 canonico,
616 1895 775 1941 concessae
805 1883 893 1955 suut,
915 1877 1006 1938 facile
1027 1877 1109 1938 ultra

178 1975 303 2051 tempus
319 1972 523 2033 constitutum
542 1971 613 2032 lites
634 1970 887 2032 extenderentur.
989 1975 996 1981 “

217 2063 366 2126 Concedit
381 2064 509 2144 quidem
520 2064 673 2141 Trident,
685 2083 760 2132 sess.
777 2067 827 2140 24,
841 2081 868 2124 c.
881 2067 930 2140 20,
941 2065 985 2123 De
996 2063 1104 2140 reson,

177 2157 306 2238 quodsi
328 2175 423 2218 causa
445 2157 608 2219 adferam
629 2156 874 2218 ecclesiasticum
889 2156 1048 2233 deducte,
1075 2156 1108 2217 in

177 2250 279 2329 prima
288 2250 548 2314 instantiacoram
555 2251 698 2313 locorum
704 2247 1106 2330 ordinariiscognosoends‚

177 2341 259 2404 infra
271 2343 435 2407 biennium
445 2363 464 2406 a
475 2345 525 2407 die
535 2350 630 2408 motae
646 2343 709 2406 litis
728 2361 791 2405 non
803 2341 999 2418 terminetur,
1016 2340 1110 2408 liceat

175 2435 331 2512 partibus,
348 2439 389 2498 ad
404 2438 500 2498 eliam
510 2438 651 2518 judicem
665 2437 861 2516 superiorem
878 2453 1007 2497 cansam
1018 2435 1107 2496 illam

177 2525 353 2601 deducere,
370 2527 414 2586 ita
427 2531 534 2587 tamen
554 2532 590 2588 ut
612 2531 682 2588 acta
703 2529 809 2605 elapso
833 2527 980 2603 biennio,
994 2531 1048 2586 aut
1061 2525 1110 2585 in-

176 2617 291 2678 stantia
305 2620 526 2697 nonperaant3
542 2617 597 2678 sed
620 2621 744 2696 partes,
762 2617 787 2677 si
802 2617 919 2694 velint,
936 2618 986 2678 val
1001 2633 1108 2678 coram

178 2707 289 2770 eodem
306 2707 413 2788 judice
427 2707 515 2770 litem
534 2707 681 2789 prosequi
704 2708 840 2788 possint,
857 2707 907 2769 vel
931 2709 958 2768 si
977 2707 1104 2784 lubeat,

177 2800 371 2879 superiorem
388 2800 495 2878 adire,
520 2819 648 2863 causam
669 2805 775 2864 tamen
797 2801 944 2881 prosequi
966 2799 1105 2880 possint,

177 2895 232 2956 abi
245 2893 373 2956 inferior
388 2893 524 2972 destit't,
544 2897 576 2956 et
589 2895 621 2956 in
638 2894 769 2972 eodem,
784 2911 845 2974 quo
858 2892 917 2954 fuit
932 2892 1016 2972 apud
1030 2893 1108 2954 infe·

177 2987 292 3050 riorom
304 2990 397 3066 statu,
407 2989 660 3049 assumereflaee
669 2988 701 3048 in
711 2991 827 3066 puncto
838 2985 918 3067 juris
929 3005 1005 3048 vera
1014 2989 1104 3058 sunt;

177 3081 368 3144 cousuetudo
381 3084 487 3144 tamen
502 3080 627 3142 videtur
642 3081 745 3160 potius
761 3078 937 3159 approbare
954 3078 1035 3159 juris
1054 3095 1108 3138 aa·

174 3173 278 3234 nonioi
295 3175 492 3249 sanctiones,
510 3192 605 3254 quam
618 3191 687 3254 quae
698 3173 772 3253 jura
787 3173 891 3234 civilia
911 3173 1063 3234 statuunt.

215 3267 276 3326 Per
290 3265 520 3330 absolutionem
539 3267 579 3328 ab
595 3265 811 3328 observatione
830 3263 940 3346 judieii
957 3264 1040 3344 perit
1060 3263 1109 3322 in-

175 3358 308 3435 stantia,
321 3357 347 3418 si
362 3359 394 3421 in
405 3377 575 3440 progressu
590 3359 653 3421 litis
665 3361 835 3438 appareat,
852 3357 1058 3419 intentionem
1071 3371 1108 3417 ac

176 3450 359 3531 petitionem
374 3451 488 3514 actoris
502 3453 534 3514 in
548 3452 655 3516 libello
667 3450 772 3532 inepte
784 3450 977 3531 propositam
989 3449 1105 3526 inissa,
