2584 4022
547 233 586 280 nr
605 233 744 281 moruus.
1069 223 1107 284 lo

176 379 352 447 commissis
367 379 527 442 conveniri
547 396 654 442 norom
667 380 730 442 looi
746 379 828 442 illius
846 380 954 462 judiee
967 380 1105 462 possint,

175 477 271 559 prout
291 473 418 550 famuli,
441 473 566 550 milites,
583 472 785 553 presidium,
809 473 960 553 studiosi,
976 478 1050 551 eto„
1073 491 1107 536 ee

109 615 111 618 -
178 569 306 631 hubent.
323 566 413 640 Quod
426 566 453 628 si
465 569 572 628 lamen
586 567 706 646 ubsque
719 566 801 628 dioto
815 565 920 628 enimn
934 567 1060 648 longius
1074 565 1107 628 in

176 662 246 725 looo
260 660 314 724 teli
326 662 531 739 permanent,
556 659 597 720 ed
611 660 716 722 lenum
737 659 834 720 telem
847 660 1014 739 eooodenl,
1029 678 1108 739 prae·

177 758 227 818 lor
237 753 420 835 opinionem
441 755 547 814 lemen
567 769 657 815 sunm
678 771 737 832 per
757 753 903 814 enuidens
926 752 1042 815 diutim
1065 752 1108 814 ibi
1185 777 1196 796 ·

178 845 295 910 morari
308 847 472 925 oogeulur,
489 863 552 906 uon
571 844 719 907 dicuntur
743 844 833 926 quusi
852 845 1045 908 domicilium
1065 845 1109 907 ibi

179 940 312 1016 hebere,
328 939 384 1000 sed
396 937 536 1018 hospites
549 940 692 1016 tuntum,
709 945 741 1000 et
758 938 818 1000 loei
835 937 919 1000 illius
937 938 1107 1019 peregrini.

220 1034 272 1095 lv.
297 1031 460 1104 Quomodo
480 1031 688 1094 constituatur
712 1031 818 1092 forum
845 1031 960 1094 ratione
987 1029 1112 1094 delicti?

180 1125 313 1188 llellono
329 1123 433 1185 delicti
446 1123 575 1186 sortitur
589 1123 659 1204 quis
671 1123 785 1201 iorum,
800 1124 1005 1206 etsunjloitur
1016 1125 1110 1206 jurie-

180 1216 308 1282 diotioni
325 1216 408 1277 illius
422 1215 538 1296 judiois
558 1215 590 1277 in
609 1215 688 1277 foro·
699 1219 827 1278 extumo
838 1217 961 1280 scilieet
974 1217 1006 1278 iu
1021 1216 1111 1298 eujus
1241 1227 1244 1232 “

179 1309 338 1375 territorio
356 1308 506 1390 deliquit,
519 1309 615 1371 etiem
626 1308 654 1370 si
664 1308 742 1370 ulios
757 1309 785 1370 ei
800 1309 943 1372 subditus
954 1327 1016 1372 non
1030 1315 1112 1372 esset

180 1405 229 1486 (ut
242 1401 360 1466 soilioel
376 1403 496 1466 seelera
517 1401 549 1463 iu
570 1419 607 1464 eo
623 1401 693 1464 loeo
714 1403 1022 1483 punienturpubliue
1042 1404 1112 1464 vin-

182 1497 279 1573 diole‚
302 1494 355 1557 ubi
371 1494 539 1557 commisso
551 1495 693 1569 luerunl;
717 1499 748 1557 el
763 1496 803 1557 ob
817 1495 936 1558 bouum
948 1496 1110 1576 publicum

181 1589 347 1652 manifesto
370 1589 409 1650 sit
432 1588 542 1650 dolioli-
559 1587 696 1668 punitio,
713 1588 768 1649 ubi
790 1607 864 1650 num
893 1591 1013 1651 offensa
1036 1589 1111 1652 honi

180 1682 296 1762 publioi
320 1681 469 1742 doliolum
490 1681 692 1744 oommissum
714 1681 783 1762 est),
801 1681 826 1743 si
842 1681 874 1742 iu
888 1682 943 1744 toli
955 1683 1040 1760 loeo,
1058 1682 1111 1743 ubi

182 1774 327 1856 deliquit,
343 1775 528 1855 delinquens
543 1773 799 1856 deprehenditur,
820 1775 871 1836 vel
895 1775 920 1836 si
940 1779 1112 1856 antequem

182 1887 220 1930 ex
230 1867 388 1930 territorio
403 1867 457 1929 teli
471 1867 662 1948 egredietur,
679 1867 827 1954 citatione
847 1873 1017 1949 perventus
1040 1869 1109 1932 fuit.

183 1961 270 2048 Siout
284 1963 389 2023 eutem
398 1959 518 2024 nullum
531 1961 680 2024 doliolum
694 1965 861 2041 exceptum
874 1965 922 2024 ost
935 1961 968 2023 iu
977 1961 1035 2025 teli
1043 1961 1113 2024 looo

183 2054 393 2132 commissum,
406 2053 646 2134 quodterritorii
655 2053 737 2116 illius
742 2053 857 2135 judiois
862 2054 1115 2138 jurisdictionem

184 2165 246 2209 non
259 2147 448 2224 suboel,itn
467 2147 553 2209 nullo
575 2165 711 2226 persone
734 2152 880 2227 exempto
902 2154 964 2224 ost,
989 2148 1030 2208 eh
1054 2148 1116 2208 hoo

183 2239 290 2302 delioti
301 2240 371 2302 foro
388 2239 426 2320 (ei
439 2243 546 2302 lumen
560 2239 710 2301 doliolum
724 2258 787 2301 nou
802 2243 926 2300 tentum
947 2240 988 2302 sit
1007 2242 1117 2302 contre

162 2332 372 2412 *particulare
394 2335 545 2394 statutum
566 2330 712 2411 aliquod,
728 2331 769 2391 ed
783 2330 869 2410 quod
880 2330 1021 2392 fortensis
1036 2331 1116 2392 altor

185 2441 249 2487 non
260 2428 395 2504 tenetur,
411 2425 467 2487 nod
479 2427 592 2486 eontra
601 2422 654 2504 jus
667 2421 856 2502 commune),
869 2440 927 2502 pro
938 2421 1114 2484 oondiu‘one

186 2521 469 2598 bonooperum,
493 2520 528 2578 ul
550 2516 670 2578 sullioel
684 2516 911 2579 ecolosioetlous
931 2514 1115 2597 delinquens

186 2612 289 2673 lorum
303 2610 407 2673 dolioli
420 2610 513 2694 hujus
528 2610 648 2672 ratione
664 2610 813 2674 sortietur
832 2611 916 2690 opud
931 2607 1116 2671 eeclesiasti-

187 2721 259 2766 oum
270 2704 352 2766 illius
365 2703 425 2766 looi
435 2702 590 2785 judioom,
607 2704 766 2766 eaeouleris
785 2721 859 2766 vero
882 2700 967 2782 apud
986 2700 1116 2764 saeoule-

186 2815 254 2858 rom
262 2797 413 2880 judicem,
430 2800 462 2858 ol
475 2797 628 2877 regularis
643 2797 728 2876 opud
739 2797 935 2879 regularem,
946 2794 1037 2876 juxte
1051 2793 1116 2855 'lli-

187 2889 453 2968 dent.oonstitnt.,
462 2908 538 2952 eess.
553 2893 584 2968 6,
594 2892 712 2968 o.3‚l)e
723 2891 831 2968 reson,
841 2894 872 2953 et
881 2907 958 2952 sose.
968 2889 1019 2964 25,
1030 2905 1057 2948 e.
1066 2887 1114 2962 ll,

189 2984 234 3045 oe·
247 2983 304 3046 ref.

228 3077 318 3148 Quod
332 3076 358 3137 si
372 3094 448 3139 vero
462 3077 494 3140 in
509 3094 571 3138 uno
586 3074 713 3156 quidem
729 3075 798 3136 loeo
813 3093 868 3135 sou
887 3069 1044 3134 territorio
1069 3071 1119 3134 in·

190 3167 338 3254 obortum
359 3165 407 3234 eet
425 3169 593 3248 doliolum,
610 3169 642 3230 in
657 3168 718 3230 elio
740 3169 846 3229 eutem
867 3165 1062 3246 perfeetum,
1088 3167 1120 3228 et

190 3266 442 3326 consummatum
458 3264 504 3344 (ut
514 3263 540 3324 si
553 3263 622 3344 quis
641 3261 771 3343 globum
784 3259 959 3342 ojeoulotur
978 3258 1011 3320 in
1027 3258 1120 3322 torri-
1218 3341 1220 3346 Ι

190 3355 271 3418 lorio
286 3356 439 3419 Eleoloris
456 3357 617 3434 Bovario,
639 3359 670 3420 et
681 3354 804 3418 oooidot
822 3353 982 3418 hominem
1003 3352 1035 3414 in
1059 3355 1119 3415 ler-

190 3447 298 3510 n'torio
309 3448 447 3528 episeopi
455 3449 628 3530 Augustani
639 3447 814 3530 existente),
823 3447 985 3530 probabile
992 3445 1119 3528 quidem
