<?xml version="1.0" encoding="UTF-8"?>
<!DOCTYPE html PUBLIC "-//W3C//DTD XHTML 1.0 Transitional//EN"
    "http://www.w3.org/TR/xhtml1/DTD/xhtml1-transitional.dtd">
<html xmlns="http://www.w3.org/1999/xhtml" xml:lang="en" lang="en">
 <head>
  <title>
</title>
<meta http-equiv="Content-Type" content="text/html;charset=utf-8" />
  <meta name='ocr-system' content='tesseract 3.04.00' />
  <meta name='ocr-capabilities' content='ocr_page ocr_carea ocr_par ocr_line ocrx_word'/>
</head>
<body>
  <div class='ocr_page' id='page_1' title='image "./institutionesju01marigoog_0126.png"; bbox 0 0 2586 4020; ppageno 0'>
   <div class='ocr_carea' id='block_1_1' title="bbox 557 263 1138 330">
    <p class='ocr_par' dir='ltr' id='par_1_1' title="bbox 557 263 1138 330">
     <span class='ocr_line' id='line_1_1' title="bbox 557 263 1138 330; baseline 0.012 -9"><span class='ocrx_word' id='word_1_1' title='bbox 557 273 596 322; x_wconf 84' lang='lat' dir='ltr'><strong>nn</strong></span> <span class='ocrx_word' id='word_1_2' title='bbox 616 273 753 324; x_wconf 73' lang='lat' dir='ltr'><strong>inntens.</strong></span> <span class='ocrx_word' id='word_1_3' title='bbox 1080 263 1138 330; x_wconf 78' lang='lat' dir='ltr'><strong>lla</strong></span> 
     </span>
    </p>
   </div>
   <div class='ocr_carea' id='block_1_2' title="bbox 113 417 1139 502">
    <p class='ocr_par' dir='ltr' id='par_1_2' title="bbox 113 417 1139 502">
     <span class='ocr_line' id='line_1_2' title="bbox 113 417 1139 502; baseline 0.007 -22"><span class='ocrx_word' id='word_1_4' title='bbox 113 477 115 480; x_wconf 83' lang='lat'>.</span> <span class='ocrx_word' id='word_1_5' title='bbox 205 419 304 502; x_wconf 90' lang='lat' dir='ltr'><strong>poris,</strong></span> <span class='ocrx_word' id='word_1_6' title='bbox 319 417 430 482; x_wconf 87' lang='lat' dir='ltr'><strong>decem</strong></span> <span class='ocrx_word' id='word_1_7' title='bbox 441 417 570 496; x_wconf 86' lang='lat' dir='ltr'><strong>scilicet,</strong></span> <span class='ocrx_word' id='word_1_8' title='bbox 584 424 641 482; x_wconf 87' lang='lat' dir='ltr'><strong>aut</strong></span> <span class='ocrx_word' id='word_1_9' title='bbox 651 417 820 482; x_wconf 87' lang='lat' dir='ltr'><strong>duodecim</strong></span> <span class='ocrx_word' id='word_1_10' title='bbox 833 435 1000 499; x_wconf 89' lang='lat' dir='ltr'><strong>annornm,</strong></span> <span class='ocrx_word' id='word_1_11' title='bbox 1012 418 1094 486; x_wconf 89' lang='lat' dir='ltr'><strong>sicut</strong></span> <span class='ocrx_word' id='word_1_12' title='bbox 1105 425 1139 487; x_wconf 90' lang='lat' dir='ltr'><strong>et</strong></span> 
     </span>
    </p>
   </div>
   <div class='ocr_carea' id='block_1_3' title="bbox 203 510 1194 2352">
    <p class='ocr_par' dir='ltr' id='par_1_3' title="bbox 203 510 1138 1686">
     <span class='ocr_line' id='line_1_3' title="bbox 205 510 1138 592; baseline 0.001 -17"><span class='ocrx_word' id='word_1_13' title='bbox 205 513 237 574; x_wconf 91' lang='lat' dir='ltr'><strong>in</strong></span> <span class='ocrx_word' id='word_1_14' title='bbox 260 511 405 575; x_wconf 75' lang='lat' dir='ltr'>triennali</span> <span class='ocrx_word' id='word_1_15' title='bbox 429 510 621 590; x_wconf 79' lang='lat' dir='ltr'>usucapione</span> <span class='ocrx_word' id='word_1_16' title='bbox 644 511 752 573; x_wconf 87' lang='lat' dir='ltr'><strong>titulus</strong></span> <span class='ocrx_word' id='word_1_17' title='bbox 773 529 836 574; x_wconf 89' lang='lat' dir='ltr'><strong>non</strong></span> <span class='ocrx_word' id='word_1_18' title='bbox 850 512 1062 592; x_wconf 69' lang='lat' dir='ltr'><strong>praesumitur,</strong></span> <span class='ocrx_word' id='word_1_19' title='bbox 1080 514 1138 578; x_wconf 86' lang='lat' dir='ltr'><strong>sed</strong></span> 
     </span>
     <span class='ocr_line' id='line_1_4' title="bbox 204 603 1137 686; baseline 0.002 -18"><span class='ocrx_word' id='word_1_20' title='bbox 204 603 394 686; x_wconf 79' lang='lat' dir='ltr'><strong>requiritur,</strong></span> <span class='ocrx_word' id='word_1_21' title='bbox 410 607 445 666; x_wconf 87' lang='lat' dir='ltr'><strong>ut</strong></span> <span class='ocrx_word' id='word_1_22' title='bbox 466 604 619 683; x_wconf 81' lang='lat' dir='ltr'><strong>allegetur</strong></span> <span class='ocrx_word' id='word_1_23' title='bbox 639 609 671 664; x_wconf 94' lang='lat' dir='ltr'><strong>et</strong></span> <span class='ocrx_word' id='word_1_24' title='bbox 685 604 836 683; x_wconf 80' lang='lat' dir='ltr'><strong>probetur</strong></span> <span class='ocrx_word' id='word_1_25' title='bbox 849 605 958 668; x_wconf 88' lang='lat' dir='ltr'><strong>titulus</strong></span> <span class='ocrx_word' id='word_1_26' title='bbox 980 606 1137 676; x_wconf 87' lang='lat' dir='ltr'><strong>coloratus</strong></span> 
     </span>
     <span class='ocr_line' id='line_1_5' title="bbox 204 695 1136 780; baseline 0.004 -20"><span class='ocrx_word' id='word_1_27' title='bbox 204 699 255 760; x_wconf 84' lang='lat' dir='ltr'><strong>vel</strong></span> <span class='ocrx_word' id='word_1_28' title='bbox 276 697 479 760; x_wconf 77' lang='lat' dir='ltr'><strong>existimatus·</strong></span> <span class='ocrx_word' id='word_1_29' title='bbox 507 697 542 758; x_wconf 93' lang='lat' dir='ltr'><strong>ln</strong></span> <span class='ocrx_word' id='word_1_30' title='bbox 563 695 799 776; x_wconf 69' lang='lat' dir='ltr'><strong>praescriptione</strong></span> <span class='ocrx_word' id='word_1_31' title='bbox 826 699 931 760; x_wconf 89' lang='lat' dir='ltr'><strong>autem</strong></span> <span class='ocrx_word' id='word_1_32' title='bbox 961 698 1136 780; x_wconf 77' lang='lat' dir='ltr'><strong>longissimi</strong></span> 
     </span>
     <span class='ocr_line' id='line_1_6' title="bbox 203 789 1137 874; baseline 0.001 -21"><span class='ocrx_word' id='word_1_33' title='bbox 203 790 371 871; x_wconf 89' lang='lat' dir='ltr'><strong>temporis,</strong></span> <span class='ocrx_word' id='word_1_34' title='bbox 392 791 433 852; x_wconf 90' lang='grc'><strong>30</strong></span> <span class='ocrx_word' id='word_1_35' title='bbox 450 789 501 850; x_wconf 88' lang='lat' dir='ltr'><strong>vel</strong></span> <span class='ocrx_word' id='word_1_36' title='bbox 522 792 563 852; x_wconf 75' lang='lat'><strong>40</strong></span> <span class='ocrx_word' id='word_1_37' title='bbox 581 806 752 866; x_wconf 91' lang='lat' dir='ltr'><strong>annorum,</strong></span> <span class='ocrx_word' id='word_1_38' title='bbox 768 789 925 852; x_wconf 84' lang='lat' dir='ltr'><strong>ordinarie</strong></span> <span class='ocrx_word' id='word_1_39' title='bbox 944 808 1009 853; x_wconf 90' lang='lat' dir='ltr'><strong>non</strong></span> <span class='ocrx_word' id='word_1_40' title='bbox 1032 791 1137 874; x_wconf 86' lang='lat' dir='ltr'><strong>requi·</strong></span> 
     </span>
     <span class='ocr_line' id='line_1_7' title="bbox 204 880 1138 962; baseline 0.002 -17"><span class='ocrx_word' id='word_1_41' title='bbox 204 884 285 945; x_wconf 88' lang='lat' dir='ltr'><strong>ritur</strong></span> <span class='ocrx_word' id='word_1_42' title='bbox 304 882 422 959; x_wconf 86' lang='lat' dir='ltr'><strong>titulus,</strong></span> <span class='ocrx_word' id='word_1_43' title='bbox 448 880 501 962; x_wconf 88' lang='lat' dir='ltr'><strong>qui</strong></span> <span class='ocrx_word' id='word_1_44' title='bbox 525 880 696 960; x_wconf 83' lang='lat' dir='ltr'><strong>allegetur,</strong></span> <span class='ocrx_word' id='word_1_45' title='bbox 714 883 922 962; x_wconf 89' lang='lat' dir='ltr'><strong>etprobctur‚</strong></span> <span class='ocrx_word' id='word_1_46' title='bbox 943 881 999 946; x_wconf 89' lang='lat' dir='ltr'><strong>sed</strong></span> <span class='ocrx_word' id='word_1_47' title='bbox 1021 883 1138 947; x_wconf 86' lang='lat' dir='ltr'><strong>sufficit</strong></span> 
     </span>
     <span class='ocr_line' id='line_1_8' title="bbox 204 973 1137 1053; baseline -0.001 -14"><span class='ocrx_word' id='word_1_48' title='bbox 204 977 289 1039; x_wconf 90' lang='lat' dir='ltr'><strong>bona</strong></span> <span class='ocrx_word' id='word_1_49' title='bbox 302 974 400 1052; x_wconf 88' lang='lat' dir='ltr'><strong>tides,</strong></span> <span class='ocrx_word' id='word_1_50' title='bbox 420 991 483 1053; x_wconf 88' lang='lat' dir='ltr'><strong>qua</strong></span> <span class='ocrx_word' id='word_1_51' title='bbox 499 973 600 1036; x_wconf 89' lang='lat' dir='ltr'><strong>credit</strong></span> <span class='ocrx_word' id='word_1_52' title='bbox 612 973 819 1053; x_wconf 78' lang='lat' dir='ltr'><strong>praescribens</strong></span> <span class='ocrx_word' id='word_1_53' title='bbox 831 974 958 1037; x_wconf 89' lang='lat' dir='ltr'><strong>titulum</strong></span> <span class='ocrx_word' id='word_1_54' title='bbox 969 994 1002 1036; x_wconf 92' lang='lat' dir='ltr'><strong>se</strong></span> <span class='ocrx_word' id='word_1_55' title='bbox 1017 975 1137 1038; x_wconf 88' lang='lat' dir='ltr'><strong>habere</strong></span> 
     </span>
     <span class='ocr_line' id='line_1_9' title="bbox 205 1065 1138 1147; baseline -0.001 -15"><span class='ocrx_word' id='word_1_56' title='bbox 205 1075 378 1132; x_wconf 84' lang='lat' dir='ltr'><strong>etecusam</strong></span> <span class='ocrx_word' id='word_1_57' title='bbox 399 1065 597 1147; x_wconf 88' lang='lat' dir='ltr'><strong>possidendi,</strong></span> <span class='ocrx_word' id='word_1_58' title='bbox 613 1066 737 1128; x_wconf 84' lang='lat' dir='ltr'><strong>tametsi</strong></span> <span class='ocrx_word' id='word_1_59' title='bbox 758 1067 898 1130; x_wconf 74' lang='lat' dir='ltr'><strong>fortassis</strong></span> <span class='ocrx_word' id='word_1_60' title='bbox 913 1084 985 1130; x_wconf 88' lang='lat' dir='ltr'><strong>eam</strong></span> <span class='ocrx_word' id='word_1_61' title='bbox 1004 1086 1068 1130; x_wconf 90' lang='lat' dir='ltr'><strong>non</strong></span> <span class='ocrx_word' id='word_1_62' title='bbox 1079 1067 1138 1132; x_wconf 87' lang='lat' dir='ltr'><strong>ha·</strong></span> 
     </span>
     <span class='ocr_line' id='line_1_10' title="bbox 204 1158 1137 1241; baseline 0.001 -18"><span class='ocrx_word' id='word_1_63' title='bbox 204 1161 288 1224; x_wconf 88' lang='lat' dir='ltr'><strong>beat.</strong></span> <span class='ocrx_word' id='word_1_64' title='bbox 306 1158 395 1234; x_wconf 86' lang='lat' dir='ltr'><strong>Quod</strong></span> <span class='ocrx_word' id='word_1_65' title='bbox 415 1159 509 1237; x_wconf 84' lang='lat' dir='ltr'><strong>longe</strong></span> <span class='ocrx_word' id='word_1_66' title='bbox 525 1159 640 1221; x_wconf 88' lang='lat' dir='ltr'><strong>certius</strong></span> <span class='ocrx_word' id='word_1_67' title='bbox 654 1163 716 1238; x_wconf 89' lang='lat' dir='ltr'><strong>est,</strong></span> <span class='ocrx_word' id='word_1_68' title='bbox 732 1159 765 1221; x_wconf 93' lang='lat' dir='ltr'><strong>in</strong></span> <span class='ocrx_word' id='word_1_69' title='bbox 779 1159 1016 1241; x_wconf 75' lang='lat' dir='ltr'><strong>prascriptione</strong></span> <span class='ocrx_word' id='word_1_70' title='bbox 1030 1162 1137 1224; x_wconf 87' lang='lat' dir='ltr'><strong>cente-</strong></span> 
     </span>
     <span class='ocr_line' id='line_1_11' title="bbox 204 1250 1136 1333; baseline -0.001 -17"><span class='ocrx_word' id='word_1_71' title='bbox 204 1253 313 1329; x_wconf 88' lang='lat' dir='ltr'><strong>naria‚</strong></span> <span class='ocrx_word' id='word_1_72' title='bbox 338 1250 389 1314; x_wconf 80' lang='lat' dir='ltr'><strong>vel</strong></span> <span class='ocrx_word' id='word_1_73' title='bbox 413 1250 652 1329; x_wconf 79' lang='lat' dir='ltr'><strong>immumoriali,</strong></span> <span class='ocrx_word' id='word_1_74' title='bbox 674 1270 747 1314; x_wconf 87' lang='lat' dir='ltr'><strong>oum</strong></span> <span class='ocrx_word' id='word_1_75' title='bbox 767 1251 801 1313; x_wconf 93' lang='lat' dir='ltr'><strong>in</strong></span> <span class='ocrx_word' id='word_1_76' title='bbox 825 1251 882 1314; x_wconf 88' lang='lat' dir='ltr'><strong>tali</strong></span> <span class='ocrx_word' id='word_1_77' title='bbox 899 1252 1136 1333; x_wconf 77' lang='lat' dir='ltr'><strong>prascriptione</strong></span> 
     </span>
     <span class='ocr_line' id='line_1_12' title="bbox 203 1343 1137 1426; baseline -0.003 -17"><span class='ocrx_word' id='word_1_78' title='bbox 203 1349 328 1424; x_wconf 87' lang='lat' dir='ltr'><strong>tempus</strong></span> <span class='ocrx_word' id='word_1_79' title='bbox 352 1343 580 1406; x_wconf 88' lang='lat' dir='ltr'><strong>immemoriale</strong></span> <span class='ocrx_word' id='word_1_80' title='bbox 607 1350 663 1406; x_wconf 88' lang='lat' dir='ltr'><strong>aut</strong></span> <span class='ocrx_word' id='word_1_81' title='bbox 684 1343 902 1423; x_wconf 79' lang='lat' dir='ltr'><strong>longissimum</strong></span> <span class='ocrx_word' id='word_1_82' title='bbox 920 1347 1044 1426; x_wconf 86' lang='lat' dir='ltr'><strong>tempus</strong></span> <span class='ocrx_word' id='word_1_83' title='bbox 1072 1343 1137 1407; x_wconf 87' lang='lat' dir='ltr'><strong>vim</strong></span> 
     </span>
     <span class='ocr_line' id='line_1_13' title="bbox 203 1435 1138 1520; baseline -0.002 -20"><span class='ocrx_word' id='word_1_84' title='bbox 203 1437 386 1520; x_wconf 77' lang='lat' dir='ltr'><strong>praesumpti</strong></span> <span class='ocrx_word' id='word_1_85' title='bbox 404 1435 486 1500; x_wconf 85' lang='lat' dir='ltr'><strong>tituli</strong></span> <span class='ocrx_word' id='word_1_86' title='bbox 506 1435 638 1514; x_wconf 86' lang='lat' dir='ltr'><strong>habeat,</strong></span> <span class='ocrx_word' id='word_1_87' title='bbox 655 1438 687 1498; x_wconf 89' lang='lat' dir='ltr'><strong>et</strong></span> <span class='ocrx_word' id='word_1_88' title='bbox 704 1436 823 1499; x_wconf 89' lang='lat' dir='ltr'><strong>tribuat</strong></span> <span class='ocrx_word' id='word_1_89' title='bbox 842 1455 881 1498; x_wconf 86' lang='lat' dir='ltr'><strong>ax</strong></span> <span class='ocrx_word' id='word_1_90' title='bbox 893 1436 1058 1518; x_wconf 78' lang='lat' dir='ltr'><strong>privilegio</strong></span> <span class='ocrx_word' id='word_1_91' title='bbox 1073 1435 1138 1500; x_wconf 90' lang='lat' dir='ltr'><strong>for-</strong></span> 
     </span>
     <span class='ocr_line' id='line_1_14' title="bbox 203 1528 1138 1612; baseline 0.001 -19"><span class='ocrx_word' id='word_1_92' title='bbox 203 1530 296 1594; x_wconf 86' lang='lat' dir='ltr'><strong>tassis</strong></span> <span class='ocrx_word' id='word_1_93' title='bbox 324 1528 507 1610; x_wconf 89' lang='lat' dir='ltr'><strong>aprinoipe</strong></span> <span class='ocrx_word' id='word_1_94' title='bbox 530 1528 581 1591; x_wconf 83' lang='lat' dir='ltr'><strong>vel</strong></span> <span class='ocrx_word' id='word_1_95' title='bbox 600 1528 705 1608; x_wconf 84' lang='lat' dir='ltr'><strong>alege</strong></span> <span class='ocrx_word' id='word_1_96' title='bbox 727 1546 896 1608; x_wconf 86' lang='lat' dir='ltr'><strong>concesso,</strong></span> <span class='ocrx_word' id='word_1_97' title='bbox 924 1532 1002 1608; x_wconf 77' lang='lat' dir='ltr'><strong>eta,</strong></span> <span class='ocrx_word' id='word_1_98' title='bbox 1026 1547 1138 1612; x_wconf 84' lang='lat' dir='ltr'><strong>prove·</strong></span> 
     </span>
     <span class='ocr_line' id='line_1_15' title="bbox 204 1621 900 1686; baseline 0 -1"><span class='ocrx_word' id='word_1_99' title='bbox 204 1623 328 1686; x_wconf 87' lang='lat' dir='ltr'><strong>nientis.</strong></span> <span class='ocrx_word' id='word_1_100' title='bbox 899 1621 900 1624; x_wconf 70' lang='grc'>’</span> 
     </span>
    </p>

    <p class='ocr_par' dir='ltr' id='par_1_4' title="bbox 203 1712 1194 2352">
     <span class='ocr_line' id='line_1_16' title="bbox 245 1712 1137 1796; baseline -0.001 -17"><span class='ocrx_word' id='word_1_101' title='bbox 245 1716 277 1780; x_wconf 86' lang='lat' dir='ltr'><strong>Si</strong></span> <span class='ocrx_word' id='word_1_102' title='bbox 291 1719 397 1778; x_wconf 64' lang='lat' dir='ltr'><strong>umen</strong></span> <span class='ocrx_word' id='word_1_103' title='bbox 414 1712 610 1795; x_wconf 68' lang='lat' dir='ltr'><strong>prescriptio</strong></span> <span class='ocrx_word' id='word_1_104' title='bbox 625 1713 697 1776; x_wconf 87' lang='lat' dir='ltr'><strong>talis</strong></span> <span class='ocrx_word' id='word_1_105' title='bbox 711 1713 886 1794; x_wconf 81' lang='lat' dir='ltr'><strong>longissimi</strong></span> <span class='ocrx_word' id='word_1_106' title='bbox 905 1713 1071 1796; x_wconf 86' lang='lat' dir='ltr'><strong>temporis,</strong></span> <span class='ocrx_word' id='word_1_107' title='bbox 1085 1715 1137 1779; x_wconf 86' lang='lat' dir='ltr'><strong>vel</strong></span> 
     </span>
     <span class='ocr_line' id='line_1_17' title="bbox 205 1806 1138 1893; baseline -0.003 -21"><span class='ocrx_word' id='word_1_108' title='bbox 205 1809 300 1872; x_wconf 89' lang='lat' dir='ltr'><strong>etiam</strong></span> <span class='ocrx_word' id='word_1_109' title='bbox 323 1806 504 1871; x_wconf 87' lang='lat' dir='ltr'><strong>oentenaria</strong></span> <span class='ocrx_word' id='word_1_110' title='bbox 525 1806 581 1869; x_wconf 87' lang='lat' dir='ltr'><strong>fiat</strong></span> <span class='ocrx_word' id='word_1_111' title='bbox 599 1806 759 1889; x_wconf 84' lang='lat' dir='ltr'><strong>abaliquo</strong></span> <span class='ocrx_word' id='word_1_112' title='bbox 782 1807 831 1869; x_wconf 89' lang='lat' dir='ltr'><strong>oui</strong></span> <span class='ocrx_word' id='word_1_113' title='bbox 847 1807 899 1890; x_wconf 89' lang='lat' dir='ltr'><strong>jus</strong></span> <span class='ocrx_word' id='word_1_114' title='bbox 915 1826 1080 1893; x_wconf 90' lang='lat' dir='ltr'><strong>commune</strong></span> <span class='ocrx_word' id='word_1_115' title='bbox 1096 1807 1138 1869; x_wconf 90' lang='lat' dir='ltr'><strong>ad</strong></span> 
     </span>
     <span class='ocr_line' id='line_1_18' title="bbox 204 1898 1137 1983; baseline -0.001 -20"><span class='ocrx_word' id='word_1_116' title='bbox 204 1900 474 1983; x_wconf 72' lang='lat' dir='ltr'><strong>praescribendum</strong></span> <span class='ocrx_word' id='word_1_117' title='bbox 500 1898 636 1977; x_wconf 84' lang='lat' dir='ltr'><strong>resistit,</strong></span> <span class='ocrx_word' id='word_1_118' title='bbox 662 1899 712 1960; x_wconf 92' lang='lat' dir='ltr'><strong>vcl</strong></span> <span class='ocrx_word' id='word_1_119' title='bbox 740 1899 802 1961; x_wconf 90' lang='lat' dir='ltr'><strong>alia</strong></span> <span class='ocrx_word' id='word_1_120' title='bbox 828 1903 938 1964; x_wconf 86' lang='lat' dir='ltr'><strong>contra</strong></span> <span class='ocrx_word' id='word_1_121' title='bbox 961 1918 1033 1962; x_wconf 92' lang='lat' dir='ltr'><strong>eum</strong></span> <span class='ocrx_word' id='word_1_122' title='bbox 1057 1915 1137 1980; x_wconf 78' lang='lat' dir='ltr'><strong>proe-</strong></span> 
     </span>
     <span class='ocr_line' id='line_1_19' title="bbox 205 1990 1138 2075; baseline -0.002 -19"><span class='ocrx_word' id='word_1_123' title='bbox 205 1993 340 2073; x_wconf 81' lang='lat' dir='ltr'><strong>sumptio</strong></span> <span class='ocrx_word' id='word_1_124' title='bbox 354 1993 484 2075; x_wconf 81' lang='lat' dir='ltr'><strong>pugnat,</strong></span> <span class='ocrx_word' id='word_1_125' title='bbox 501 2010 564 2053; x_wconf 93' lang='lat' dir='ltr'><strong>non</strong></span> <span class='ocrx_word' id='word_1_126' title='bbox 586 1990 701 2053; x_wconf 89' lang='lat' dir='ltr'><strong>sufficit</strong></span> <span class='ocrx_word' id='word_1_127' title='bbox 719 1990 786 2052; x_wconf 89' lang='lat' dir='ltr'><strong>sola</strong></span> <span class='ocrx_word' id='word_1_128' title='bbox 799 1990 884 2054; x_wconf 86' lang='lat' dir='ltr'><strong>bona</strong></span> <span class='ocrx_word' id='word_1_129' title='bbox 897 1991 976 2054; x_wconf 86' lang='lat' dir='ltr'><strong>fides</strong></span> <span class='ocrx_word' id='word_1_130' title='bbox 992 1991 1034 2054; x_wconf 89' lang='lat' dir='ltr'><strong>ad</strong></span> <span class='ocrx_word' id='word_1_131' title='bbox 1055 2009 1138 2074; x_wconf 82' lang='lat' dir='ltr'><strong>prae-</strong></span> 
     </span>
     <span class='ocr_line' id='line_1_20' title="bbox 203 2082 1139 2166; baseline -0.004 -16"><span class='ocrx_word' id='word_1_132' title='bbox 203 2086 421 2163; x_wconf 87' lang='lat' dir='ltr'><strong>scribendum,</strong></span> <span class='ocrx_word' id='word_1_133' title='bbox 446 2084 502 2146; x_wconf 89' lang='lat' dir='ltr'><strong>scd</strong></span> <span class='ocrx_word' id='word_1_134' title='bbox 517 2083 611 2147; x_wconf 89' lang='lat' dir='ltr'><strong>dehet</strong></span> <span class='ocrx_word' id='word_1_135' title='bbox 623 2083 733 2147; x_wconf 86' lang='lat' dir='ltr'><strong>titulus</strong></span> <span class='ocrx_word' id='word_1_136' title='bbox 748 2086 853 2146; x_wconf 88' lang='lat' dir='ltr'><strong>certus</strong></span> <span class='ocrx_word' id='word_1_137' title='bbox 874 2082 1004 2166; x_wconf 84' lang='lat' dir='ltr'><strong>allegari</strong></span> <span class='ocrx_word' id='word_1_138' title='bbox 1018 2087 1050 2148; x_wconf 89' lang='lat' dir='ltr'><strong>ct</strong></span> <span class='ocrx_word' id='word_1_139' title='bbox 1063 2102 1139 2164; x_wconf 91' lang='lat' dir='ltr'><strong>pro·</strong></span> 
     </span>
     <span class='ocr_line' id='line_1_21' title="bbox 203 2169 1136 2258; baseline -0.004 -16"><span class='ocrx_word' id='word_1_140' title='bbox 203 2179 274 2242; x_wconf 88' lang='lat' dir='ltr'><strong>bari</strong></span> <span class='ocrx_word' id='word_1_141' title='bbox 295 2178 366 2258; x_wconf 89' lang='lat' dir='ltr'><strong>(nisi</strong></span> <span class='ocrx_word' id='word_1_142' title='bbox 389 2176 582 2257; x_wconf 84' lang='lat' dir='ltr'><strong>praescriptio</strong></span> <span class='ocrx_word' id='word_1_143' title='bbox 598 2177 638 2238; x_wconf 89' lang='lat' dir='ltr'><strong>sit</strong></span> <span class='ocrx_word' id='word_1_144' title='bbox 658 2169 904 2256; x_wconf 78' lang='lat' dir='ltr'><strong>immemo&#39;rialis,</strong></span> <span class='ocrx_word' id='word_1_145' title='bbox 928 2180 960 2240; x_wconf 92' lang='lat' dir='ltr'><strong>et</strong></span> <span class='ocrx_word' id='word_1_146' title='bbox 978 2178 1136 2258; x_wconf 86' lang='lat' dir='ltr'><strong>capacitas</strong></span> 
     </span>
     <span class='ocr_line' id='line_1_22' title="bbox 204 2268 1194 2352; baseline -0.004 -18"><span class='ocrx_word' id='word_1_147' title='bbox 204 2269 385 2352; x_wconf 90' lang='lat' dir='ltr'><strong>possidendi</strong></span> <span class='ocrx_word' id='word_1_148' title='bbox 398 2269 431 2330; x_wconf 90' lang='lat' dir='ltr'><strong>in</strong></span> <span class='ocrx_word' id='word_1_149' title='bbox 445 2269 661 2349; x_wconf 80' lang='lat' dir='ltr'><strong>usucapione),</strong></span> <span class='ocrx_word' id='word_1_150' title='bbox 673 2285 745 2331; x_wconf 88' lang='lat' dir='ltr'><strong>cum</strong></span> <span class='ocrx_word' id='word_1_151' title='bbox 759 2268 961 2349; x_wconf 80' lang='lat' dir='ltr'><strong>praesumptio</strong></span> <span class='ocrx_word' id='word_1_152' title='bbox 977 2269 1017 2332; x_wconf 88' lang='lat' dir='ltr'><strong>sit</strong></span> <span class='ocrx_word' id='word_1_153' title='bbox 1026 2271 1137 2332; x_wconf 87' lang='lat' dir='ltr'><strong>eontra</strong></span> <span class='ocrx_word' id='word_1_154' title='bbox 1192 2311 1194 2314; x_wconf 91' lang='lat'><em>-</em></span> 
     </span>
    </p>
   </div>
   <div class='ocr_carea' id='block_1_4' title="bbox 97 2360 1202 2442">
    <p class='ocr_par' dir='ltr' id='par_1_5' title="bbox 97 2360 1202 2442">
     <span class='ocr_line' id='line_1_23' title="bbox 97 2360 1202 2442; baseline -0.008 -13"><span class='ocrx_word' id='word_1_155' title='bbox 97 2437 98 2440; x_wconf 8' lang='grc' dir='ltr'><strong>Ἴ</strong></span> <span class='ocrx_word' id='word_1_156' title='bbox 203 2363 321 2427; x_wconf 87' lang='lat' dir='ltr'><strong>bonam</strong></span> <span class='ocrx_word' id='word_1_157' title='bbox 343 2361 425 2426; x_wconf 89' lang='lat' dir='ltr'><strong>illius</strong></span> <span class='ocrx_word' id='word_1_158' title='bbox 452 2361 548 2423; x_wconf 89' lang='lat' dir='ltr'><strong>fidam</strong></span> <span class='ocrx_word' id='word_1_159' title='bbox 578 2360 704 2442; x_wconf 89' lang='lat' dir='ltr'><strong>cuijus</strong></span> <span class='ocrx_word' id='word_1_160' title='bbox 734 2378 900 2423; x_wconf 89' lang='lat' dir='ltr'><strong>commune</strong></span> <span class='ocrx_word' id='word_1_161' title='bbox 929 2361 971 2424; x_wconf 90' lang='lat' dir='ltr'><strong>ad</strong></span> <span class='ocrx_word' id='word_1_162' title='bbox 994 2360 1137 2442; x_wconf 80' lang='lat' dir='ltr'><strong>prascri-</strong></span> <span class='ocrx_word' id='word_1_163' title='bbox 1192 2377 1202 2394; x_wconf 85' lang='lat'><strong>·</strong></span> 
     </span>
    </p>
   </div>
   <div class='ocr_carea' id='block_1_5' title="bbox 204 2452 1236 3562">
    <p class='ocr_par' dir='ltr' id='par_1_6' title="bbox 204 2452 1138 2629">
     <span class='ocr_line' id='line_1_24' title="bbox 204 2452 1138 2534; baseline -0.002 -15"><span class='ocrx_word' id='word_1_164' title='bbox 204 2455 344 2519; x_wconf 87' lang='lat' dir='ltr'><strong>bendum</strong></span> <span class='ocrx_word' id='word_1_165' title='bbox 364 2453 497 2532; x_wconf 84' lang='lat' dir='ltr'><strong>resistit,</strong></span> <span class='ocrx_word' id='word_1_166' title='bbox 517 2454 543 2516; x_wconf 95' lang='lat' dir='ltr'><strong>si</strong></span> <span class='ocrx_word' id='word_1_167' title='bbox 563 2453 684 2517; x_wconf 88' lang='lat' dir='ltr'><strong>nullum</strong></span> <span class='ocrx_word' id='word_1_168' title='bbox 702 2452 908 2534; x_wconf 89' lang='lat' dir='ltr'><strong>possessionis</strong></span> <span class='ocrx_word' id='word_1_169' title='bbox 927 2471 991 2518; x_wconf 89' lang='lat' dir='ltr'><strong>suae</strong></span> <span class='ocrx_word' id='word_1_170' title='bbox 1011 2453 1138 2520; x_wconf 88' lang='lat' dir='ltr'><strong>titulum</strong></span> 
     </span>
     <span class='ocr_line' id='line_1_25' title="bbox 205 2547 490 2629; baseline -0.011 -17"><span class='ocrx_word' id='word_1_171' title='bbox 205 2547 369 2612; x_wconf 87' lang='lat' dir='ltr'><strong>ostendere</strong></span> <span class='ocrx_word' id='word_1_172' title='bbox 381 2547 490 2629; x_wconf 89' lang='lat' dir='ltr'><strong>possit.</strong></span> 
     </span>
    </p>

    <p class='ocr_par' dir='ltr' id='par_1_7' title="bbox 204 2639 1236 3284">
     <span class='ocr_line' id='line_1_26' title="bbox 243 2639 1138 2724; baseline 0.002 -22"><span class='ocrx_word' id='word_1_173' title='bbox 243 2646 276 2702; x_wconf 79' lang='lat' dir='ltr'><strong>l·</strong></span> <span class='ocrx_word' id='word_1_174' title='bbox 298 2639 488 2702; x_wconf 82' lang='lat' dir='ltr'><strong>coaditioscc</strong></span> <span class='ocrx_word' id='word_1_175' title='bbox 508 2647 630 2720; x_wconf 79' lang='lat' dir='ltr'><strong>tompus.</strong></span> <span class='ocrx_word' id='word_1_176' title='bbox 651 2643 713 2702; x_wconf 85' lang='lat' dir='ltr'><strong>Res</strong></span> <span class='ocrx_word' id='word_1_177' title='bbox 726 2639 860 2703; x_wconf 89' lang='lat' dir='ltr'><strong>mobiles</strong></span> <span class='ocrx_word' id='word_1_178' title='bbox 876 2639 958 2724; x_wconf 85' lang='lat' dir='ltr'><strong>(quaa</strong></span> <span class='ocrx_word' id='word_1_179' title='bbox 977 2639 1047 2704; x_wconf 90' lang='lat' dir='ltr'><strong>loco</strong></span> <span class='ocrx_word' id='word_1_180' title='bbox 1070 2657 1138 2704; x_wconf 92' lang='lat' dir='ltr'><strong>mo·</strong></span> 
     </span>
     <span class='ocr_line' id='line_1_27' title="bbox 204 2732 1140 2814; baseline 0.002 -19"><span class='ocrx_word' id='word_1_181' title='bbox 204 2734 270 2795; x_wconf 91' lang='lat' dir='ltr'><strong>veri</strong></span> <span class='ocrx_word' id='word_1_182' title='bbox 294 2732 436 2814; x_wconf 90' lang='lat' dir='ltr'><strong>possunt)</strong></span> <span class='ocrx_word' id='word_1_183' title='bbox 460 2732 707 2812; x_wconf 89' lang='lat' dir='ltr'><strong>praescribuntur</strong></span> <span class='ocrx_word' id='word_1_184' title='bbox 726 2733 862 2796; x_wconf 89' lang='lat' dir='ltr'><strong>triennio</strong></span> <span class='ocrx_word' id='word_1_185' title='bbox 885 2751 958 2797; x_wconf 91' lang='lat' dir='ltr'><strong>cum</strong></span> <span class='ocrx_word' id='word_1_186' title='bbox 978 2733 1081 2812; x_wconf 85' lang='lat' dir='ltr'><strong>titulo,</strong></span> <span class='ocrx_word' id='word_1_187' title='bbox 1107 2736 1140 2797; x_wconf 85' lang='lat' dir='ltr'><strong>at</strong></span> 
     </span>
     <span class='ocr_line' id='line_1_28' title="bbox 204 2824 1139 2910; baseline 0.002 -20"><span class='ocrx_word' id='word_1_188' title='bbox 204 2825 373 2903; x_wconf 85' lang='lat' dir='ltr'><strong>bonafide,</strong></span> <span class='ocrx_word' id='word_1_189' title='bbox 385 2825 446 2886; x_wconf 89' lang='lat' dir='ltr'><strong>nisi</strong></span> <span class='ocrx_word' id='word_1_190' title='bbox 454 2824 573 2888; x_wconf 88' lang='lat' dir='ltr'><strong>sintres</strong></span> <span class='ocrx_word' id='word_1_191' title='bbox 583 2825 717 2910; x_wconf 78' lang='lat' dir='ltr'><strong>furtiva,</strong></span> <span class='ocrx_word' id='word_1_192' title='bbox 726 2843 861 2907; x_wconf 88' lang='lat' dir='ltr'><strong>quarum</strong></span> <span class='ocrx_word' id='word_1_193' title='bbox 872 2825 985 2889; x_wconf 81' lang='lat' dir='ltr'><strong>vitium</strong></span> <span class='ocrx_word' id='word_1_194' title='bbox 996 2825 1139 2904; x_wconf 88' lang='lat' dir='ltr'><strong>nondum</strong></span> 
     </span>
     <span class='ocr_line' id='line_1_29' title="bbox 204 2917 1140 2999; baseline 0.001 -19"><span class='ocrx_word' id='word_1_195' title='bbox 204 2921 375 2999; x_wconf 87' lang='lat' dir='ltr'><strong>purgatum</strong></span> <span class='ocrx_word' id='word_1_196' title='bbox 388 2920 452 2995; x_wconf 90' lang='lat' dir='ltr'><strong>est,</strong></span> <span class='ocrx_word' id='word_1_197' title='bbox 479 2935 548 2998; x_wconf 81' lang='lat' dir='ltr'><strong>quaa</strong></span> <span class='ocrx_word' id='word_1_198' title='bbox 562 2935 627 2980; x_wconf 90' lang='lat' dir='ltr'><strong>non</strong></span> <span class='ocrx_word' id='word_1_199' title='bbox 640 2918 906 2997; x_wconf 77' lang='lat' dir='ltr'><strong>prascribuntur,</strong></span> <span class='ocrx_word' id='word_1_200' title='bbox 931 2917 991 2980; x_wconf 90' lang='lat' dir='ltr'><strong>nisi</strong></span> <span class='ocrx_word' id='word_1_201' title='bbox 1009 2917 1140 2997; x_wconf 79' lang='lat' dir='ltr'><strong>triginta</strong></span> 
     </span>
     <span class='ocr_line' id='line_1_30' title="bbox 206 3009 1140 3092; baseline -0.001 -19"><span class='ocrx_word' id='word_1_202' title='bbox 206 3029 361 3074; x_wconf 89' lang='lat' dir='ltr'><strong>annorum</strong></span> <span class='ocrx_word' id='word_1_203' title='bbox 387 3010 506 3091; x_wconf 87' lang='lat' dir='ltr'><strong>spatie,</strong></span> <span class='ocrx_word' id='word_1_204' title='bbox 530 3010 615 3090; x_wconf 84' lang='lat' dir='ltr'><strong>quod</strong></span> <span class='ocrx_word' id='word_1_205' title='bbox 637 3013 762 3092; x_wconf 88' lang='lat' dir='ltr'><strong>tempus</strong></span> <span class='ocrx_word' id='word_1_206' title='bbox 784 3010 880 3074; x_wconf 88' lang='lat' dir='ltr'><strong>etiam</strong></span> <span class='ocrx_word' id='word_1_207' title='bbox 902 3009 1074 3091; x_wconf 87' lang='lat' dir='ltr'><strong>requiritur</strong></span> <span class='ocrx_word' id='word_1_208' title='bbox 1099 3009 1140 3072; x_wconf 88' lang='lat' dir='ltr'><strong>ad</strong></span> 
     </span>
     <span class='ocr_line' id='line_1_31' title="bbox 205 3100 1140 3185; baseline 0.001 -20"><span class='ocrx_word' id='word_1_209' title='bbox 205 3103 475 3185; x_wconf 70' lang='lat' dir='ltr'><strong>prescriptionem</strong></span> <span class='ocrx_word' id='word_1_210' title='bbox 486 3103 619 3167; x_wconf 88' lang='lat' dir='ltr'><strong>aliarum</strong></span> <span class='ocrx_word' id='word_1_211' title='bbox 631 3121 738 3166; x_wconf 87' lang='lat' dir='ltr'><strong>rerum</strong></span> <span class='ocrx_word' id='word_1_212' title='bbox 748 3102 924 3184; x_wconf 91' lang='lat' dir='ltr'><strong>mobilium,</strong></span> <span class='ocrx_word' id='word_1_213' title='bbox 933 3103 962 3166; x_wconf 89' lang='lat' dir='ltr'><strong>si</strong></span> <span class='ocrx_word' id='word_1_214' title='bbox 970 3102 1037 3166; x_wconf 90' lang='lat' dir='ltr'><strong>sine</strong></span> <span class='ocrx_word' id='word_1_215' title='bbox 1049 3100 1140 3184; x_wconf 82' lang='lat' dir='ltr'><strong>titulo</strong></span> 
     </span>
     <span class='ocr_line' id='line_1_32' title="bbox 206 3196 1236 3284; baseline 0 -24"><span class='ocrx_word' id='word_1_216' title='bbox 206 3197 356 3277; x_wconf 86' lang='lat' dir='ltr'><strong>usucapio</strong></span> <span class='ocrx_word' id='word_1_217' title='bbox 373 3196 439 3260; x_wconf 87' lang='lat' dir='ltr'><strong>fiat.</strong></span> <span class='ocrx_word' id='word_1_218' title='bbox 474 3198 477 3206; x_wconf 87' lang='lat'>&#39;</span> <span class='ocrx_word' id='word_1_219' title='bbox 1229 3280 1236 3284; x_wconf 21' lang='grc' dir='ltr'>Ι</span> 
     </span>
    </p>

    <p class='ocr_par' dir='ltr' id='par_1_8' title="bbox 205 3287 1138 3562">
     <span class='ocr_line' id='line_1_33' title="bbox 245 3287 1138 3380; baseline 0.002 -27"><span class='ocrx_word' id='word_1_220' title='bbox 245 3293 307 3354; x_wconf 79' lang='lat' dir='ltr'><strong>llos</strong></span> <span class='ocrx_word' id='word_1_221' title='bbox 320 3306 396 3353; x_wconf 83' lang='lat' dir='ltr'><strong>vcro</strong></span> <span class='ocrx_word' id='word_1_222' title='bbox 411 3288 600 3367; x_wconf 89' lang='lat' dir='ltr'><strong>immobiles,</strong></span> <span class='ocrx_word' id='word_1_223' title='bbox 618 3305 688 3370; x_wconf 87' lang='lat' dir='ltr'><strong>quse</strong></span> <span class='ocrx_word' id='word_1_224' title='bbox 701 3287 772 3352; x_wconf 86' lang='lat' dir='ltr'><strong>loeo</strong></span> <span class='ocrx_word' id='word_1_225' title='bbox 785 3288 908 3354; x_wconf 86' lang='lat' dir='ltr'><strong>moveri</strong></span> <span class='ocrx_word' id='word_1_226' title='bbox 921 3305 984 3352; x_wconf 91' lang='lat' dir='ltr'><strong>non</strong></span> <span class='ocrx_word' id='word_1_227' title='bbox 996 3292 1138 3380; x_wconf 79' lang='lat' dir='ltr'><strong>possunt,</strong></span> 
     </span>
     <span class='ocr_line' id='line_1_34' title="bbox 205 3381 1138 3469; baseline 0.004 -23"><span class='ocrx_word' id='word_1_228' title='bbox 205 3383 251 3446; x_wconf 87' lang='lat' dir='ltr'><strong>uti</strong></span> <span class='ocrx_word' id='word_1_229' title='bbox 265 3386 345 3449; x_wconf 86' lang='lat' dir='ltr'><strong>¹sunt</strong></span> <span class='ocrx_word' id='word_1_230' title='bbox 363 3381 471 3461; x_wconf 82' lang='lat' dir='ltr'><strong>tundi,</strong></span> <span class='ocrx_word' id='word_1_231' title='bbox 485 3381 616 3463; x_wconf 76' lang='lat' dir='ltr'><strong>pradia,</strong></span> <span class='ocrx_word' id='word_1_232' title='bbox 629 3382 752 3462; x_wconf 90' lang='lat' dir='ltr'><strong>domus,</strong></span> <span class='ocrx_word' id='word_1_233' title='bbox 770 3386 801 3448; x_wconf 89' lang='lat' dir='ltr'><strong>et</strong></span> <span class='ocrx_word' id='word_1_234' title='bbox 815 3381 946 3462; x_wconf 89' lang='lat' dir='ltr'><strong>similia,</strong></span> <span class='ocrx_word' id='word_1_235' title='bbox 959 3382 1043 3449; x_wconf 88' lang='lat' dir='ltr'><strong>inter</strong></span> <span class='ocrx_word' id='word_1_236' title='bbox 1055 3401 1138 3469; x_wconf 76' lang='lat' dir='ltr'><strong>praa·</strong></span> 
     </span>
     <span class='ocr_line' id='line_1_35' title="bbox 207 3475 1136 3562; baseline 0.003 -22"><span class='ocrx_word' id='word_1_237' title='bbox 207 3481 323 3556; x_wconf 86' lang='lat' dir='ltr'><strong>santes,</strong></span> <span class='ocrx_word' id='word_1_238' title='bbox 336 3477 390 3560; x_wconf 80' lang='lat' dir='ltr'><strong>qui</strong></span> <span class='ocrx_word' id='word_1_239' title='bbox 404 3477 437 3540; x_wconf 92' lang='lat' dir='ltr'><strong>in</strong></span> <span class='ocrx_word' id='word_1_240' title='bbox 451 3475 562 3542; x_wconf 87' lang='lat' dir='ltr'><strong>eadem</strong></span> <span class='ocrx_word' id='word_1_241' title='bbox 575 3475 694 3544; x_wconf 83' lang='lat' dir='ltr'><strong>scilicet</strong></span> <span class='ocrx_word' id='word_1_242' title='bbox 708 3476 843 3560; x_wconf 83' lang='lat' dir='ltr'><strong>civitate,</strong></span> <span class='ocrx_word' id='word_1_243' title='bbox 859 3477 909 3544; x_wconf 85' lang='lat' dir='ltr'><strong>vel</strong></span> <span class='ocrx_word' id='word_1_244' title='bbox 924 3477 1065 3562; x_wconf 84' lang='lat' dir='ltr'><strong>ejusdem</strong></span> <span class='ocrx_word' id='word_1_245' title='bbox 1074 3481 1136 3544; x_wconf 88' lang='lat' dir='ltr'><strong>ter·</strong></span> 
     </span>
    </p>
   </div>
   <div class='ocr_carea' id='block_1_6' title="bbox 0 0 1298 4020">
    <p class='ocr_par' dir='ltr' id='par_1_9' title="bbox 0 0 1298 4020">
     <span class='ocr_line' id='line_1_36' title="bbox 0 0 1298 4020; baseline 0 0"><span class='ocrx_word' id='word_1_246' title='bbox 0 0 1298 4020; x_wconf 95' lang='lat' dir='ltr'><strong> </strong></span> 
     </span>
    </p>
   </div>
  </div>
 </body>
</html>
