2578 4012
190 265 248 332 204
401 274 629 328 msrrmnonns
649 273 731 324 rums
753 271 907 323 usnemu.

191 436 298 507 tratur,
314 429 350 490 ut
363 424 722 503 Reiffenstuel,Pirhing‚
736 418 1027 499 Schmalzgrueber,
1039 419 1114 493 etc,

190 522 338 582 methodo
358 520 458 598 magis
472 518 648 597 synthetica
670 521 808 591 utuntur,
827 516 980 594 quatenus
1000 509 1117 571 scilicet

191 613 365 676 doctrinam
388 614 489 691 ipsam
514 611 546 672 in
567 610 696 689 singulis
721 608 815 669 titulis
838 605 998 668 definitam
1022 619 1118 680 expo-

190 709 278 781 nunt,
295 705 422 766 minime
446 703 567 765 solliciti
589 705 627 764 de
651 703 760 764 ordine
775 700 911 780 capitum
930 698 962 758 in
986 713 1116 775 corpore

187 799 283 880 juris;
296 804 325 860 2⁰
340 799 403 875 alii,
416 801 451 859 ut
463 797 612 873 Borbosa,
627 798 803 875 FagnanuS,
815 793 969 868 (ibaldus,
979 796 1052 868 etc,
1064 809 1118 854 ca-

190 893 257 972 pito
281 892 350 971 ipsa
370 890 550 970 singillatim
579 888 762 968 explicanda
782 890 959 964 assumunt,
976 884 1118 947 adhibite

191 984 376 1046 scholastica
391 973 616 1060 interpretandi
631 980 792 1042 methodo.
808 979 865 1052 Oui
885 997 960 1058 ergo
976 979 1009 1038 in
1024 976 1118 1038 disci-

190 1078 276 1157 plina
290 1075 440 1138 canonica
456 1073 569 1135 callere
584 1075 702 1152 cupiet,
715 1073 783 1135 haec
803 1091 899 1151 opera
922 1072 1045 1134 assidue
1067 1089 1117 1132 rs·

190 1170 306 1230 volvat.

231 1263 348 1324 Verum
360 1259 519 1341 praecipua
528 1261 638 1322 saltem
650 1261 834 1323 hierarchiae
846 1260 1033 1322 dioecesanae
1043 1257 1117 1338 jura

192 1358 224 1417 et
243 1354 357 1430 officia,
370 1356 521 1433 quantum
536 1354 611 1416 satis
637 1359 694 1432 est,
708 1355 740 1414 in
763 1355 823 1416 hoc
847 1371 941 1434 opere
953 1351 1116 1412 declarare

192 1467 228 1508 ac
252 1463 435 1526 expromere
458 1447 650 1524 oportebat:
672 1447 744 1509 inde
768 1447 853 1508 hisce
874 1443 1119 1507 institutionibus

192 1536 1120 1619 nonnullapermodumappendicisaddemus,quaeadtrac-

191 1631 342 1706 tationem
363 1629 503 1690 altiorem
527 1631 693 1708 pertinent.
716 1632 866 1694 Stabilitis
886 1650 961 1712 ergo
978 1629 1120 1708 superius

191 1722 350 1802 principiis
362 1721 572 1801 generalibus,
588 1742 672 1784 nunc
690 1725 730 1785 ad
746 1742 813 1786 rem
832 1724 951 1788 firmius
969 1723 1119 1783 definien-

191 1815 265 1876 dam
279 1814 449 1876 referemus
463 1814 472 1873 i
474 1834 546 1894 psas
557 1817 589 1878 S.
598 1818 694 1895 Gong.
704 1819 793 1878 Rom.
804 1817 1040 1892 declarationes
1049 1831 1118 1893 quae

194 1908 365 1987 respiciunt
381 1927 388 1970 ε
406 1912 436 1968 l⁰
451 1907 603 1986 episcopi,
619 1911 651 1970 2⁰
668 1908 775 1969 vicarii
794 1909 965 1988 generalis,
979 1913 1010 1971 3⁰
1025 1925 1120 1969 cano-

195 2001 356 2077 nieorum,
373 1995 417 2062 4⁰*
422 2000 632 2081 parochorum
644 2001 716 2082 jura
735 2008 766 2062 et
780 2002 891 2064 officia.
903 2002 960 2064 llic
974 2019 1048 2081 ergo
1066 2018 1118 2079 ap·

193 2093 309 2174 pendix
322 2094 355 2153 in
369 2097 503 2174 quatuor
519 2094 665 2155 articulos
677 2093 837 2157 dividitur.

499 2249 673 2305 Androclus
689 2250 814 2306 PRIMUS.

407 2392 441 2432 DE
458 2392 580 2432 nnlscom
596 2391 709 2432 subruas
725 2391 759 2431 ΕΤ
776 2392 901 2433 ormcrls.

260 2514 276 2553 Ι.
287 2520 437 2554 :namurcum
450 2519 475 2552 111
491 2519 608 2552 recusam
622 2519 780 2553 accumulare
794 2520 902 2565 IPSOSQUB
915 2522 1062 2556 ”Gumm-

233 2630 257 2690 l.
280 2626 382 2700 Quoad
392 2626 523 2688 crebrior
536 2634 564 2686 ct
572 2644 721 2706 meones.
737 2631 768 2689 l⁰
782 2629 814 2692 Si
829 2631 987 2710 regulares
1000 2630 1118 2711 aliquid

193 2719 375 2781 indecorum
383 2719 434 2780 vel
444 2719 677 2797 prohibitumin
687 2719 823 2783 ecclesiis
834 2741 963 2784 suorum
973 2723 1119 2786 ordinum

194 2813 391 2875 committant
404 2813 454 2873 vel
467 2811 644 2886 admittant,
660 2831 735 2873 cura
747 2820 793 2875 est
806 2815 1035 2878 ordinariorum
1048 2833 1119 2895 pro-

194 2905 324 2968 cedendi
345 2909 375 2966 et
395 2903 579 2984 providendi
606 2904 700 2966 etiam
724 2910 833 2968 contra
855 2908 939 2987 ipsos
958 2909 1118 2988 regulares

194 3017 364 3078 eorumque
387 2997 544 3074 ecclesias,
559 3001 651 3074 prout
673 2998 748 3077 ipsis
771 3004 980 3079 opportunum
1000 3000 1120 3061 videbi·

192 3096 258 3169 tur,
275 3092 369 3153 etiam
388 3108 446 3169 per
468 3090 552 3151 viam
573 3089 728 3152 interdicti
748 3096 802 3153 aut
825 3109 1045 3170 censurarum,
1059 3093 1117 3154 rite

192 3188 297 3244 tamen
322 3183 452 3245 servatis
474 3182 618 3242 omnibus
641 3200 661 3242 a
679 3182 750 3262 jure
776 3184 941 3261 requisitis.
960 3185 1007 3264 (S.
1024 3185 1115 3264 Cocq.

192 3295 254 3337 coc.
266 3278 297 3337 in
312 3275 484 3352 Mediolon„
495 3274 581 3355 junii
594 3273 696 3352 1587.)

231 3372 266 3428 20
280 3370 386 3428 Potest
409 3367 572 3447 episcopus
596 3365 772 3427 concionari
788 3366 820 3426 in
841 3369 979 3430 ecclesiis
994 3370 1118 3450 regula-

192 3461 284 3536 rium,
302 3459 395 3520 etiam
409 3459 483 3536 ipsis
498 3456 692 3538 regularibus
707 3460 992 3524 contradicentibus
1002 3463 1033 3524 in
1045 3466 1116 3530 actu
