2578 4012
412 261 451 306 ne
474 259 664 308 nrauuucars
686 258 877 338 erueretur.
1053 245 1109 306 241

182 402 351 486 aliquando
366 405 460 466 etiam
474 403 612 484 psalmos
626 405 733 465 cantat
751 403 933 464 alternative
949 421 1021 464 curn
1042 401 1111 462 aliis

182 497 340 560 canonicis
351 497 385 558 in
396 496 492 558 choro
503 496 717 573 existentibus,
731 493 1108 574 punctaturissubjaceat,

182 610 219 653 ac
243 589 270 652 si
296 609 358 652 nou
386 589 530 651 intersit?
557 591 753 670 Responsum
778 587 960 667 negativum
983 587 1109 666 prodiit,

182 683 353 746 dummodo
368 700 432 744 nou
446 681 562 742 habeat
577 681 737 742 salarium.
756 680 803 759 (ll
814 679 884 763 julii
895 679 998 759 leet.)
1057 723 1059 729 -

319 833 357 872 111.
371 838 451 881 quoru
464 837 571 870 ruuorue
585 839 615 870 ur
628 837 825 870 cururaurrours
837 837 970 873 erueremur.

223 953 254 1011 1⁰
276 951 378 1024 Quum
402 946 591 1026 quandoque
604 946 636 1006 in
652 945 884 1007 cathedralibus
897 950 1000 1006 essent
1015 944 1110 1025 aliqui

183 1039 337 1116 canonici,
350 1039 402 1118 qui
417 1038 450 1098 in
461 1038 573 1099 iisdem
588 1037 706 1099 hahent
720 1037 909 1116 capellanias
925 1038 974 1099 vel
987 1038 1020 1098 iu
1037 1037 1112 1099 titu-

123 1159 125 1163 *
181 1134 258 1211 lum,
271 1132 321 1192 vel
334 1135 486 1210 tanquam
498 1129 694 1206 mercenarii,
709 1130 858 1209 quaritur
870 1149 909 1192 an
920 1149 957 1192 eo
969 1134 1111 1209 tempore

182 1243 245 1304 quo
260 1224 293 1284 iu
305 1221 394 1284 dictis
408 1221 587 1303 capellaniis
603 1222 773 1299 celebrant,
786 1223 1020 1285 distributiones
1032 1223 1112 1284 reci-

181 1335 256 1399 pere
272 1315 418 1392 debeant,
430 1315 503 1376 licet
518 1313 623 1376 absint
637 1314 761 1376 achoro
777 1335 783 1377 :
801 1315 917 1394 etquid
933 1316 971 1376 de
987 1315 1046 1376 illis
1060 1333 1112 1375 ca-

182 1408 313 1485 noniciS,
326 1407 381 1487 qui
394 1406 555 1468 celebrant
568 1405 600 1466 iu
616 1405 727 1467 eadem
742 1406 874 1490 eeclesia
888 1425 953 1469 suae
970 1407 1112 1470 devotio-

182 1499 230 1561 nis
256 1500 380 1579 gratia,
404 1498 590 1578 anquando
612 1499 673 1559 hac
695 1517 791 1560 causa
818 1517 837 1560 a
858 1500 953 1561 choro
983 1500 1108 1576 absunt,

183 1591 418 1654 distributiones
427 1591 567 1669 recipere
577 1591 712 1671 possint3
725 1595 756 1653 et
765 1591 839 1654 dato
850 1592 934 1672 quod
947 1611 1020 1669 nou,
1035 1583 1112 1671 quid

181 1683 208 1746 si
227 1702 246 1744 a
265 1683 426 1763 superiore
448 1682 586 1766 ecclesiae
606 1683 650 1744 eis
669 1683 852 1764 injungatur
863 1691 898 1746 ut
913 1703 949 1746 eo
968 1689 1110 1765 tempore

184 1774 364 1837 celebrent?
385 1774 558 1853 Respondit
583 1777 614 1836 S.
637 1777 670 1837 G.
693 1776 816 1837 concilii
839 1795 902 1838 nou
927 1797 1034 1857 posse,
1051 1775 1110 1838 uisi
1198 1853 1202 1859 Ι

184 1868 311 1947 quando
326 1867 370 1928 sic
381 1864 548 1947 jussissent
568 1867 762 1946 superiores,
777 1885 855 1946 quos
875 1871 981 1930 tamen
1001 1868 1113 1930 admo-

182 1961 251 2022 neri
263 1960 330 2022 vult
342 1965 381 2020 ut
397 1959 438 2020 ab
452 1957 632 2037 hujusmodi
642 1961 733 2038 jussu
747 1979 780 2021 se
790 1959 977 2024 abstineant.
995 1961 1109 2042 (itit.)

221 2056 253 2117 2⁰
275 2051 448 2115 (turonicos
473 2052 618 2114 absentes
644 2052 683 2114 de
701 2052 829 2114 licentia
855 2053 992 2135 episcopi
1015 2071 1112 2116 causa

182 2145 360 2207 studiorum
378 2163 470 2224 posse
489 2145 650 2227 percipere
670 2145 788 2206 reditus
803 2146 993 2226 praebendae,
1009 2147 1111 2209 nullas

182 2241 289 2300 tamen
304 2236 547 2315 distributiones
562 2239 617 2299 sed
627 2237 868 2317 relinquendum
885 2239 1013 2300 arbitrio
1029 2239 1112 2319 epis·

182 2330 253 2411 copi
267 2329 317 2392 vel
335 2329 462 2410 capituli
477 2333 554 2408 quot
573 2329 714 2392 canonici
730 2330 833 2393 absint
845 2329 957 2394 eodem
970 2335 1111 2410 tempore

56 2423 57 2426 ’
181 2441 222 2484 ex
236 2422 319 2484 dicta
333 2440 429 2483 cauea
441 2425 473 2484 et
493 2421 628 2501 spatium
645 2423 794 2502 temporis
809 2423 850 2484 ad
864 2423 1112 2505 quinquennium

183 2534 203 2576 a
216 2513 371 2595 principio
386 2513 480 2576 studii
494 2514 724 2592 inchoandum,
740 2519 892 2579 statutum
905 2519 962 2580 est.
981 2519 1089 2598 (1573.)

120 2636 123 2651 ι
213 2609 255 2668 ,30
276 2606 402 2668 Putavit
425 2608 457 2670 S.
482 2608 515 2668 G.
532 2607 690 2687 portiones
703 2607 959 2671 distributionum
972 2628 1036 2673 uon
1060 2609 1112 2670 de-

184 2698 388 2762 servientium
411 2697 897 2764 canonicorumdeservientibus
919 2719 1109 2778 accrescere,

180 2792 273 2872 juxta
301 2809 369 2871 cap.
397 2794 427 2868 3,
453 2809 528 2853 sess.
558 2795 607 2852 21.
627 2793 666 2854 llt
686 2793 827 2854 canonici
849 2795 994 2856 absentes
1012 2795 1112 2856 tribus

183 2885 344 2948 mensibus
366 2883 525 2962 permissis
545 2883 707 2946 lucrantur
735 2885 863 2964 quidem
891 2887 1010 2948 fructus
1029 2903 1113 2966 prae-

182 2977 306 3053 bendae,
323 2993 386 3038 nou
401 2977 507 3037 autem
530 2975 763 3038 distributiones
781 2978 995 3058 quotidianas,
1012 2997 1112 3058 eaque

183 3068 216 3128 in
245 3073 286 3128 're
319 3086 381 3130 non
414 3071 462 3130 est
491 3067 682 3130 attendenda
717 3070 873 3131 contraria
892 3071 1109 3134 cousuetudo.

136 3205 137 3208 ,
186 3161 306 3235 (Octob.
320 3162 420 3238 1587.)

223 3255 256 3312 4⁰
277 3252 404 3313 (tensuit
423 3254 454 3314 S.
478 3256 512 3316 G.
536 3268 627 3332 posse
646 3253 832 3316 canonicum
851 3253 885 3316 in
903 3255 1029 3334 publica
1042 3254 1113 3318 uni-

183 3343 332 3406 versitate
356 3362 480 3406 sacram
500 3343 692 3425 theologiam
715 3346 902 3426 docentem,
924 3348 1046 3412 etiamsi
1069 3351 1110 3410 ab

185 3435 323 3512 ecelesiae
338 3435 463 3499 servitio
482 3437 573 3518 absit,
588 3438 750 3522 percipere
771 3439 952 3522 hujusmodi
966 3443 1111 3506 distribu-

256 3555 317 3600 rou.
339 3557 377 3601 ru.
1008 3551 1040 3608 tt
