<?xml version="1.0" encoding="UTF-8"?>
<!DOCTYPE html PUBLIC "-//W3C//DTD XHTML 1.0 Transitional//EN"
    "http://www.w3.org/TR/xhtml1/DTD/xhtml1-transitional.dtd">
<html xmlns="http://www.w3.org/1999/xhtml" xml:lang="en" lang="en">
 <head>
  <title>
</title>
<meta http-equiv="Content-Type" content="text/html;charset=utf-8" />
  <meta name='ocr-system' content='tesseract 3.04.00' />
  <meta name='ocr-capabilities' content='ocr_page ocr_carea ocr_par ocr_line ocrx_word'/>
</head>
<body>
  <div class='ocr_page' id='page_1' title='image "./institutionesju01marigoog_0208.png"; bbox 0 0 2578 4012; ppageno 0'>
   <div class='ocr_carea' id='block_1_1' title="bbox 394 217 1108 298">
    <p class='ocr_par' dir='ltr' id='par_1_1' title="bbox 394 217 1108 298">
     <span class='ocr_line' id='line_1_1' title="bbox 394 217 1108 298; baseline -0.022 -1"><span class='ocrx_word' id='word_1_1' title='bbox 394 251 431 298; x_wconf 85' lang='lat' dir='ltr'><strong>os</strong></span> <span class='ocrx_word' id='word_1_2' title='bbox 453 246 590 296; x_wconf 81' lang='lat' dir='ltr'><strong>nxrsnno</strong></span> <span class='ocrx_word' id='word_1_3' title='bbox 615 242 766 291; x_wconf 77' lang='lat' dir='ltr'><strong>scansam</strong></span> <span class='ocrx_word' id='word_1_4' title='bbox 787 238 895 287; x_wconf 75' lang='lat' dir='ltr'><strong>sriro.</strong></span> <span class='ocrx_word' id='word_1_5' title='bbox 1052 217 1108 282; x_wconf 69' lang='lat'><strong>201</strong></span> 
     </span>
    </p>
   </div>
   <div class='ocr_carea' id='block_1_2' title="bbox 130 381 1166 3086">
    <p class='ocr_par' dir='ltr' id='par_1_2' title="bbox 179 381 1113 860">
     <span class='ocr_line' id='line_1_2' title="bbox 180 381 1111 473; baseline -0.033 -1"><span class='ocrx_word' id='word_1_6' title='bbox 180 408 252 472; x_wconf 89' lang='lat' dir='ltr'><strong>dica</strong></span> <span class='ocrx_word' id='word_1_7' title='bbox 271 398 434 466; x_wconf 70' lang='lat' dir='ltr'><strong>existentia</strong></span> <span class='ocrx_word' id='word_1_8' title='bbox 455 397 487 456; x_wconf 93' lang='lat' dir='ltr'><strong>in</strong></span> <span class='ocrx_word' id='word_1_9' title='bbox 503 410 601 473; x_wconf 84' lang='lat' dir='ltr'><strong>regno</strong></span> <span class='ocrx_word' id='word_1_10' title='bbox 617 388 784 460; x_wconf 83' lang='lat' dir='ltr'><strong>asseritur3</strong></span> <span class='ocrx_word' id='word_1_11' title='bbox 818 385 918 446; x_wconf 91' lang='lat' dir='ltr'><strong>cultus</strong></span> <span class='ocrx_word' id='word_1_12' title='bbox 941 381 1111 445; x_wconf 89' lang='lat' dir='ltr'><strong>catholicus</strong></span> 
     </span>
     <span class='ocr_line' id='line_1_3' title="bbox 180 474 1113 570; baseline -0.033 -7"><span class='ocrx_word' id='word_1_13' title='bbox 180 502 232 564; x_wconf 83' lang='lat' dir='ltr'><strong>vin</strong></span> <span class='ocrx_word' id='word_1_14' title='bbox 244 501 298 560; x_wconf 88' lang='lat' dir='ltr'><strong>aut</strong></span> <span class='ocrx_word' id='word_1_15' title='bbox 310 514 349 555; x_wconf 91' lang='lat' dir='ltr'><strong>ne</strong></span> <span class='ocrx_word' id='word_1_16' title='bbox 362 493 413 551; x_wconf 84' lang='lat' dir='ltr'><strong>vix</strong></span> <span class='ocrx_word' id='word_1_17' title='bbox 435 489 563 570; x_wconf 86' lang='lat' dir='ltr'><strong>quidem</strong></span> <span class='ocrx_word' id='word_1_18' title='bbox 584 485 756 553; x_wconf 89' lang='lat' dir='ltr'><strong>toleratur;</strong></span> <span class='ocrx_word' id='word_1_19' title='bbox 779 479 874 538; x_wconf 90' lang='lat' dir='ltr'><strong>immo</strong></span> <span class='ocrx_word' id='word_1_20' title='bbox 893 495 968 536; x_wconf 84' lang='lat' dir='ltr'><strong>vero</strong></span> <span class='ocrx_word' id='word_1_21' title='bbox 985 474 1113 536; x_wconf 82' lang='lat' dir='ltr'><strong>interdi-</strong></span> 
     </span>
     <span class='ocr_line' id='line_1_4' title="bbox 181 567 1113 669; baseline -0.033 -13"><span class='ocrx_word' id='word_1_22' title='bbox 181 595 271 667; x_wconf 88' lang='lat' dir='ltr'><strong>citur,</strong></span> <span class='ocrx_word' id='word_1_23' title='bbox 283 586 479 669; x_wconf 70' lang='lat' dir='ltr'>prohibetur,</span> <span class='ocrx_word' id='word_1_24' title='bbox 494 579 633 660; x_wconf 89' lang='lat' dir='ltr'><strong>punitur.</strong></span> <span class='ocrx_word' id='word_1_25' title='bbox 645 579 692 636; x_wconf 88' lang='lat' dir='ltr'><strong>Ita</strong></span> <span class='ocrx_word' id='word_1_26' title='bbox 702 570 796 634; x_wconf 83' lang='lat' dir='ltr'><strong>variis</strong></span> <span class='ocrx_word' id='word_1_27' title='bbox 806 571 838 628; x_wconf 90' lang='lat' dir='ltr'><strong>in</strong></span> <span class='ocrx_word' id='word_1_28' title='bbox 853 570 929 630; x_wconf 90' lang='lat' dir='ltr'><strong>locis</strong></span> <span class='ocrx_word' id='word_1_29' title='bbox 940 567 1113 627; x_wconf 84' lang='lat' dir='ltr'><strong>infidelium</strong></span> 
     </span>
     <span class='ocr_line' id='line_1_5' title="bbox 179 659 1111 752; baseline -0.033 -3"><span class='ocrx_word' id='word_1_30' title='bbox 179 690 282 749; x_wconf 88' lang='lat' dir='ltr'><strong>tantas</strong></span> <span class='ocrx_word' id='word_1_31' title='bbox 294 678 461 743; x_wconf 82' lang='lat' dir='ltr'><strong>infidelitas</strong></span> <span class='ocrx_word' id='word_1_32' title='bbox 470 673 534 752; x_wconf 84' lang='lat' dir='ltr'><strong>egit</strong></span> <span class='ocrx_word' id='word_1_33' title='bbox 543 669 676 744; x_wconf 85' lang='lat' dir='ltr'><strong>radices,</strong></span> <span class='ocrx_word' id='word_1_34' title='bbox 684 670 719 726; x_wconf 90' lang='lat' dir='ltr'><strong>ut</strong></span> <span class='ocrx_word' id='word_1_35' title='bbox 728 664 801 723; x_wconf 84' lang='lat' dir='ltr'><strong>fidei</strong></span> <span class='ocrx_word' id='word_1_36' title='bbox 813 661 974 722; x_wconf 69' lang='lat' dir='ltr'><strong>catholicae</strong></span> <span class='ocrx_word' id='word_1_37' title='bbox 985 659 1111 719; x_wconf 90' lang='lat' dir='ltr'><strong>omnino</strong></span> 
     </span>
     <span class='ocr_line' id='line_1_6' title="bbox 180 777 556 860; baseline -0.048 -19"><span class='ocrx_word' id='word_1_38' title='bbox 180 777 388 860; x_wconf 77' lang='lat' dir='ltr'><strong>prohibeatur</strong></span> <span class='ocrx_word' id='word_1_39' title='bbox 400 783 556 830; x_wconf 78' lang='lat' dir='ltr'><strong>accessus</strong></span> 
     </span>
    </p>

    <p class='ocr_par' dir='ltr' id='par_1_3' title="bbox 130 844 1166 3000">
     <span class='ocr_line' id='line_1_7' title="bbox 223 844 1113 943; baseline -0.034 -12"><span class='ocrx_word' id='word_1_40' title='bbox 223 868 316 943; x_wconf 84' lang='lat' dir='ltr'><strong>Alibi,</strong></span> <span class='ocrx_word' id='word_1_41' title='bbox 333 867 367 925; x_wconf 89' lang='lat' dir='ltr'><strong>ut</strong></span> <span class='ocrx_word' id='word_1_42' title='bbox 379 863 411 922; x_wconf 89' lang='lat' dir='ltr'><strong>in</strong></span> <span class='ocrx_word' id='word_1_43' title='bbox 421 858 533 922; x_wconf 85' lang='lat' dir='ltr'><strong>Russia</strong></span> <span class='ocrx_word' id='word_1_44' title='bbox 548 858 579 915; x_wconf 90' lang='lat' dir='ltr'><strong>et</strong></span> <span class='ocrx_word' id='word_1_45' title='bbox 593 853 624 912; x_wconf 89' lang='lat' dir='ltr'><strong>in</strong></span> <span class='ocrx_word' id='word_1_46' title='bbox 640 850 762 929; x_wconf 83' lang='lat' dir='ltr'><strong>Anglia,</strong></span> <span class='ocrx_word' id='word_1_47' title='bbox 777 847 913 908; x_wconf 83' lang='lat' dir='ltr'><strong>schisma</strong></span> <span class='ocrx_word' id='word_1_48' title='bbox 928 845 968 905; x_wconf 91' lang='lat' dir='ltr'><strong>ab</strong></span> <span class='ocrx_word' id='word_1_49' title='bbox 983 844 1051 923; x_wconf 90' lang='lat' dir='ltr'><strong>ipsa</strong></span> <span class='ocrx_word' id='word_1_50' title='bbox 1067 861 1113 902; x_wconf 88' lang='lat' dir='ltr'><strong>re-</strong></span> 
     </span>
     <span class='ocr_line' id='line_1_8' title="bbox 183 935 1113 1046; baseline -0.035 -20"><span class='ocrx_word' id='word_1_51' title='bbox 183 966 235 1046; x_wconf 82' lang='lat' dir='ltr'><strong>gia</strong></span> <span class='ocrx_word' id='word_1_52' title='bbox 246 959 409 1040; x_wconf 84' lang='lat' dir='ltr'><strong>majestate</strong></span> <span class='ocrx_word' id='word_1_53' title='bbox 420 953 582 1014; x_wconf 89' lang='lat' dir='ltr'><strong>inductum</strong></span> <span class='ocrx_word' id='word_1_54' title='bbox 593 947 648 1006; x_wconf 90' lang='lat' dir='ltr'><strong>aut</strong></span> <span class='ocrx_word' id='word_1_55' title='bbox 660 945 837 1022; x_wconf 88' lang='lat' dir='ltr'><strong>protectum</strong></span> <span class='ocrx_word' id='word_1_56' title='bbox 852 944 976 999; x_wconf 87' lang='lat' dir='ltr'><strong>tantum</strong></span> <span class='ocrx_word' id='word_1_57' title='bbox 986 936 1050 1015; x_wconf 84' lang='lat' dir='ltr'><strong>egit</strong></span> <span class='ocrx_word' id='word_1_58' title='bbox 1060 935 1113 994; x_wconf 89' lang='lat' dir='ltr'><strong>do-</strong></span> 
     </span>
     <span class='ocr_line' id='line_1_9' title="bbox 183 1030 1115 1120; baseline -0.035 0"><span class='ocrx_word' id='word_1_59' title='bbox 183 1057 337 1120; x_wconf 88' lang='lat' dir='ltr'><strong>minatum</strong></span> <span class='ocrx_word' id='word_1_60' title='bbox 345 1052 379 1110; x_wconf 91' lang='lat' dir='ltr'><strong>ut</strong></span> <span class='ocrx_word' id='word_1_61' title='bbox 388 1040 627 1120; x_wconf 88' lang='lat' dir='ltr'><strong>catholicisipsa</strong></span> <span class='ocrx_word' id='word_1_62' title='bbox 636 1033 850 1115; x_wconf 84' lang='lat' dir='ltr'><strong>civiliajurnin</strong></span> <span class='ocrx_word' id='word_1_63' title='bbox 863 1030 1115 1109; x_wconf 87' lang='lat' dir='ltr'><strong>regnoadcmpta</strong></span> 
     </span>
     <span class='ocr_line' id='line_1_10' title="bbox 183 1120 1116 1222; baseline -0.035 -10"><span class='ocrx_word' id='word_1_64' title='bbox 183 1147 310 1222; x_wconf 87' lang='lat' dir='ltr'><strong>fuerint,</strong></span> <span class='ocrx_word' id='word_1_65' title='bbox 334 1145 365 1203; x_wconf 86' lang='lat' dir='ltr'><strong>at</strong></span> <span class='ocrx_word' id='word_1_66' title='bbox 385 1139 454 1214; x_wconf 81' lang='lat' dir='ltr'><strong>vix,</strong></span> <span class='ocrx_word' id='word_1_67' title='bbox 482 1133 634 1196; x_wconf 88' lang='lat' dir='ltr'><strong>diminuto</strong></span> <span class='ocrx_word' id='word_1_68' title='bbox 658 1129 763 1189; x_wconf 88' lang='lat' dir='ltr'><strong>furore</strong></span> <span class='ocrx_word' id='word_1_69' title='bbox 785 1122 974 1198; x_wconf 82' lang='lat' dir='ltr'><strong>schismatis,</strong></span> <span class='ocrx_word' id='word_1_70' title='bbox 999 1120 1116 1182; x_wconf 89' lang='lat' dir='ltr'><strong>fuerint</strong></span> 
     </span>
     <span class='ocr_line' id='line_1_11' title="bbox 185 1215 1114 1320; baseline -0.036 -17"><span class='ocrx_word' id='word_1_71' title='bbox 185 1243 290 1320; x_wconf 88' lang='lat' dir='ltr'><strong>aliqua</strong></span> <span class='ocrx_word' id='word_1_72' title='bbox 301 1255 337 1296; x_wconf 88' lang='lat' dir='ltr'><strong>ex</strong></span> <span class='ocrx_word' id='word_1_73' title='bbox 353 1235 441 1312; x_wconf 90' lang='lat' dir='ltr'><strong>parte</strong></span> <span class='ocrx_word' id='word_1_74' title='bbox 457 1227 609 1289; x_wconf 88' lang='lat' dir='ltr'><strong>restituta.</strong></span> <span class='ocrx_word' id='word_1_75' title='bbox 628 1221 721 1296; x_wconf 79' lang='lat' dir='ltr'><strong>Alibi,</strong></span> <span class='ocrx_word' id='word_1_76' title='bbox 739 1221 774 1280; x_wconf 91' lang='lat' dir='ltr'><strong>ut</strong></span> <span class='ocrx_word' id='word_1_77' title='bbox 785 1219 817 1277; x_wconf 91' lang='lat' dir='ltr'><strong>iu</strong></span> <span class='ocrx_word' id='word_1_78' title='bbox 829 1215 1007 1290; x_wconf 80' lang='lat' dir='ltr'><strong>Germania,</strong></span> <span class='ocrx_word' id='word_1_79' title='bbox 1022 1219 1114 1274; x_wconf 87' lang='lat' dir='ltr'><strong>sectae</strong></span> 
     </span>
     <span class='ocr_line' id='line_1_12' title="bbox 186 1306 1116 1415; baseline -0.035 -19"><span class='ocrx_word' id='word_1_80' title='bbox 186 1327 427 1415; x_wconf 74' lang='lat' dir='ltr'><strong>protestantium</strong></span> <span class='ocrx_word' id='word_1_81' title='bbox 449 1320 544 1381; x_wconf 88' lang='lat' dir='ltr'><strong>armis</strong></span> <span class='ocrx_word' id='word_1_82' title='bbox 566 1320 597 1377; x_wconf 88' lang='lat' dir='ltr'><strong>ct</strong></span> <span class='ocrx_word' id='word_1_83' title='bbox 615 1311 821 1376; x_wconf 86' lang='lat' dir='ltr'><strong>seditionibus</strong></span> <span class='ocrx_word' id='word_1_84' title='bbox 844 1309 888 1369; x_wconf 88' lang='lat' dir='ltr'><strong>sic</strong></span> <span class='ocrx_word' id='word_1_85' title='bbox 915 1306 1116 1387; x_wconf 88' lang='lat' dir='ltr'><strong>profecerunt</strong></span> 
     </span>
     <span class='ocr_line' id='line_1_13' title="bbox 187 1399 1116 1490; baseline -0.037 1"><span class='ocrx_word' id='word_1_86' title='bbox 187 1423 359 1490; x_wconf 81' lang='lat' dir='ltr'><strong>uitandam</strong></span> <span class='ocrx_word' id='word_1_87' title='bbox 372 1419 404 1478; x_wconf 92' lang='lat' dir='ltr'><strong>in</strong></span> <span class='ocrx_word' id='word_1_88' title='bbox 417 1411 532 1476; x_wconf 80' lang='lat' dir='ltr'><strong>celebri</strong></span> <span class='ocrx_word' id='word_1_89' title='bbox 547 1427 625 1490; x_wconf 89' lang='lat' dir='ltr'><strong>pace</strong></span> <span class='ocrx_word' id='word_1_90' title='bbox 639 1402 853 1482; x_wconf 88' lang='lat' dir='ltr'><strong>Westphalica</strong></span> <span class='ocrx_word' id='word_1_91' title='bbox 865 1401 990 1461; x_wconf 85' lang='lat' dir='ltr'><strong>civilem</strong></span> <span class='ocrx_word' id='word_1_92' title='bbox 1000 1399 1116 1459; x_wconf 88' lang='lat' dir='ltr'><strong>consis-</strong></span> 
     </span>
     <span class='ocr_line' id='line_1_14' title="bbox 187 1490 1117 1582; baseline -0.032 -1"><span class='ocrx_word' id='word_1_93' title='bbox 187 1517 320 1582; x_wconf 85' lang='lat' dir='ltr'><strong>tentiam</strong></span> <span class='ocrx_word' id='word_1_94' title='bbox 334 1515 366 1574; x_wconf 94' lang='lat' dir='ltr'><strong>in</strong></span> <span class='ocrx_word' id='word_1_95' title='bbox 383 1508 515 1571; x_wconf 89' lang='lat' dir='ltr'><strong>statibus</strong></span> <span class='ocrx_word' id='word_1_96' title='bbox 529 1499 701 1565; x_wconf 78' lang='lat' dir='ltr'><strong>Germanica</strong></span> <span class='ocrx_word' id='word_1_97' title='bbox 721 1493 952 1576; x_wconf 85' lang='lat' dir='ltr'><strong>acquisiverint,</strong></span> <span class='ocrx_word' id='word_1_98' title='bbox 968 1496 999 1552; x_wconf 91' lang='lat' dir='ltr'><strong>et</strong></span> <span class='ocrx_word' id='word_1_99' title='bbox 1011 1490 1117 1552; x_wconf 90' lang='lat' dir='ltr'><strong>catho-</strong></span> 
     </span>
     <span class='ocr_line' id='line_1_15' title="bbox 187 1588 974 1674; baseline -0.037 1"><span class='ocrx_word' id='word_1_100' title='bbox 187 1613 256 1674; x_wconf 88' lang='lat' dir='ltr'><strong>licae</strong></span> <span class='ocrx_word' id='word_1_101' title='bbox 270 1604 416 1670; x_wconf 78' lang='lat' dir='ltr'><strong>Ecclesiae</strong></span> <span class='ocrx_word' id='word_1_102' title='bbox 430 1598 546 1662; x_wconf 85' lang='lat' dir='ltr'><strong>fuerint</strong></span> <span class='ocrx_word' id='word_1_103' title='bbox 559 1595 590 1656; x_wconf 91' lang='lat' dir='ltr'><strong>in</strong></span> <span class='ocrx_word' id='word_1_104' title='bbox 602 1591 746 1656; x_wconf 88' lang='lat' dir='ltr'><strong>omnibus</strong></span> <span class='ocrx_word' id='word_1_105' title='bbox 761 1588 974 1669; x_wconf 73' lang='lat' dir='ltr'><strong>aequiparata.</strong></span> 
     </span>
     <span class='ocr_line' id='line_1_16' title="bbox 192 1676 1117 1771; baseline -0.031 -5"><span class='ocrx_word' id='word_1_106' title='bbox 192 1725 194 1728; x_wconf 87' lang='lat'>·</span> <span class='ocrx_word' id='word_1_107' title='bbox 230 1704 281 1766; x_wconf 87' lang='lat' dir='ltr'><strong>Sic</strong></span> <span class='ocrx_word' id='word_1_108' title='bbox 292 1702 419 1762; x_wconf 88' lang='lat' dir='ltr'><strong>demum</strong></span> <span class='ocrx_word' id='word_1_109' title='bbox 433 1694 460 1754; x_wconf 91' lang='lat' dir='ltr'><strong>si</strong></span> <span class='ocrx_word' id='word_1_110' title='bbox 473 1687 720 1771; x_wconf 85' lang='lat' dir='ltr'><strong>praescindamus</strong></span> <span class='ocrx_word' id='word_1_111' title='bbox 733 1701 751 1742; x_wconf 86' lang='lat' dir='ltr'><strong>a</strong></span> <span class='ocrx_word' id='word_1_112' title='bbox 765 1679 921 1742; x_wconf 87' lang='lat' dir='ltr'><strong>nonnullis</strong></span> <span class='ocrx_word' id='word_1_113' title='bbox 941 1677 1047 1757; x_wconf 81' lang='lat' dir='ltr'><strong>regnis</strong></span> <span class='ocrx_word' id='word_1_114' title='bbox 1064 1676 1117 1738; x_wconf 89' lang='lat' dir='ltr'><strong>ubi</strong></span> 
     </span>
     <span class='ocr_line' id='line_1_17' title="bbox 192 1771 1118 1868; baseline -0.036 -7"><span class='ocrx_word' id='word_1_115' title='bbox 192 1798 296 1862; x_wconf 88' lang='lat' dir='ltr'><strong>adhuc</strong></span> <span class='ocrx_word' id='word_1_116' title='bbox 310 1787 419 1868; x_wconf 85' lang='lat' dir='ltr'><strong>religio</strong></span> <span class='ocrx_word' id='word_1_117' title='bbox 436 1781 589 1846; x_wconf 89' lang='lat' dir='ltr'><strong>catholica</strong></span> <span class='ocrx_word' id='word_1_118' title='bbox 605 1780 671 1840; x_wconf 87' lang='lat' dir='ltr'><strong>sola</strong></span> <span class='ocrx_word' id='word_1_119' title='bbox 686 1774 881 1848; x_wconf 87' lang='lat' dir='ltr'><strong>dominatur,</strong></span> <span class='ocrx_word' id='word_1_120' title='bbox 897 1771 997 1832; x_wconf 89' lang='lat' dir='ltr'><strong>cultus</strong></span> <span class='ocrx_word' id='word_1_121' title='bbox 1012 1773 1118 1830; x_wconf 90' lang='lat' dir='ltr'><strong>autem</strong></span> 
     </span>
     <span class='ocr_line' id='line_1_18' title="bbox 193 1853 1121 1954; baseline -0.033 -1"><span class='ocrx_word' id='word_1_122' title='bbox 193 1885 386 1954; x_wconf 86' lang='lat' dir='ltr'><strong>acatholicus</strong></span> <span class='ocrx_word' id='word_1_123' title='bbox 410 1879 463 1943; x_wconf 83' lang='lat' dir='ltr'><strong>vix</strong></span> <span class='ocrx_word' id='word_1_124' title='bbox 483 1876 634 1937; x_wconf 84' lang='lat' dir='ltr'><strong>toleratur</strong></span> <span class='ocrx_word' id='word_1_125' title='bbox 653 1877 855 1946; x_wconf 79' lang='lat' dir='ltr'><strong>cummagno</strong></span> <span class='ocrx_word' id='word_1_126' title='bbox 868 1853 1062 1924; x_wconf 83' lang='lat' dir='ltr'><strong>restrictione</strong></span> <span class='ocrx_word' id='word_1_127' title='bbox 1080 1860 1121 1922; x_wconf 89' lang='lat' dir='ltr'><strong>ad</strong></span> 
     </span>
     <span class='ocr_line' id='line_1_19' title="bbox 192 1955 1122 2062; baseline -0.035 -16"><span class='ocrx_word' id='word_1_128' title='bbox 192 1975 394 2062; x_wconf 85' lang='lat' dir='ltr'><strong>impedienda</strong></span> <span class='ocrx_word' id='word_1_129' title='bbox 407 1970 516 2052; x_wconf 86' lang='lat' dir='ltr'><strong>pejora</strong></span> <span class='ocrx_word' id='word_1_130' title='bbox 529 1966 632 2041; x_wconf 91' lang='lat' dir='ltr'><strong>mala,</strong></span> <span class='ocrx_word' id='word_1_131' title='bbox 650 1962 681 2023; x_wconf 86' lang='lat' dir='ltr'><strong>in</strong></span> <span class='ocrx_word' id='word_1_132' title='bbox 698 1959 817 2022; x_wconf 87' lang='lat' dir='ltr'><strong>caeteris</strong></span> <span class='ocrx_word' id='word_1_133' title='bbox 837 1955 940 2035; x_wconf 84' lang='lat' dir='ltr'><strong>regnis</strong></span> <span class='ocrx_word' id='word_1_134' title='bbox 961 1955 1054 2016; x_wconf 86' lang='lat' dir='ltr'><strong>etiam</strong></span> <span class='ocrx_word' id='word_1_135' title='bbox 1069 1972 1122 2014; x_wconf 87' lang='lat' dir='ltr'><strong>ca-</strong></span> 
     </span>
     <span class='ocr_line' id='line_1_20' title="bbox 192 2046 1122 2139; baseline -0.035 -1"><span class='ocrx_word' id='word_1_136' title='bbox 192 2073 317 2139; x_wconf 88' lang='lat' dir='ltr'><strong>tholicis</strong></span> <span class='ocrx_word' id='word_1_137' title='bbox 334 2069 462 2130; x_wconf 89' lang='lat' dir='ltr'><strong>libertas</strong></span> <span class='ocrx_word' id='word_1_138' title='bbox 477 2061 578 2122; x_wconf 88' lang='lat' dir='ltr'><strong>cultus</strong></span> <span class='ocrx_word' id='word_1_139' title='bbox 592 2055 687 2119; x_wconf 85' lang='lat' dir='ltr'><strong>variis</strong></span> <span class='ocrx_word' id='word_1_140' title='bbox 705 2049 932 2131; x_wconf 80' lang='lat' dir='ltr'><strong>religionibus,</strong></span> <span class='ocrx_word' id='word_1_141' title='bbox 959 2054 990 2110; x_wconf 90' lang='lat' dir='ltr'><strong>et</strong></span> <span class='ocrx_word' id='word_1_142' title='bbox 1011 2046 1122 2108; x_wconf 85' lang='lat' dir='ltr'><strong>eadem</strong></span> 
     </span>
     <span class='ocr_line' id='line_1_21' title="bbox 194 2145 1061 2248; baseline -0.045 -16"><span class='ocrx_word' id='word_1_143' title='bbox 194 2145 767 2248; x_wconf 81' lang='lat' dir='ltr'><strong>ferejuraassertasuntalcgacivili.</strong></span> <span class='ocrx_word' id='word_1_144' title='bbox 1058 2148 1061 2154; x_wconf 80' lang='grc'><em>·</em></span> 
     </span>
     <span class='ocr_line' id='line_1_22' title="bbox 190 2230 1120 2331; baseline -0.039 -6"><span class='ocrx_word' id='word_1_145' title='bbox 190 2326 192 2331; x_wconf 82' lang='grc'><strong>,</strong></span> <span class='ocrx_word' id='word_1_146' title='bbox 233 2263 271 2324; x_wconf 91' lang='lat' dir='ltr'><strong>II.</strong></span> <span class='ocrx_word' id='word_1_147' title='bbox 296 2256 359 2320; x_wconf 88' lang='lat' dir='ltr'><strong>Sed</strong></span> <span class='ocrx_word' id='word_1_148' title='bbox 372 2254 451 2327; x_wconf 87' lang='lat' dir='ltr'><strong>haec,</strong></span> <span class='ocrx_word' id='word_1_149' title='bbox 469 2245 513 2308; x_wconf 92' lang='lat' dir='ltr'><strong>uti</strong></span> <span class='ocrx_word' id='word_1_150' title='bbox 528 2242 651 2318; x_wconf 84' lang='lat' dir='ltr'><strong>videtis,</strong></span> <span class='ocrx_word' id='word_1_151' title='bbox 666 2243 697 2301; x_wconf 90' lang='lat' dir='ltr'><strong>et</strong></span> <span class='ocrx_word' id='word_1_152' title='bbox 709 2236 844 2301; x_wconf 90' lang='lat' dir='ltr'><strong>conditio</strong></span> <span class='ocrx_word' id='word_1_153' title='bbox 859 2235 944 2310; x_wconf 82' lang='lat' dir='ltr'><strong>facti,</strong></span> <span class='ocrx_word' id='word_1_154' title='bbox 957 2252 1019 2294; x_wconf 91' lang='lat' dir='ltr'><strong>non</strong></span> <span class='ocrx_word' id='word_1_155' title='bbox 1029 2230 1120 2312; x_wconf 80' lang='lat' dir='ltr'><strong>juris3</strong></span> 
     </span>
     <span class='ocr_line' id='line_1_23' title="bbox 196 2325 1122 2425; baseline -0.039 -7"><span class='ocrx_word' id='word_1_156' title='bbox 196 2355 282 2418; x_wconf 89' lang='lat' dir='ltr'><strong>nulla</strong></span> <span class='ocrx_word' id='word_1_157' title='bbox 295 2350 378 2412; x_wconf 90' lang='lat' dir='ltr'><strong>enim</strong></span> <span class='ocrx_word' id='word_1_158' title='bbox 392 2339 597 2425; x_wconf 86' lang='lat' dir='ltr'><strong>protectione,</strong></span> <span class='ocrx_word' id='word_1_159' title='bbox 615 2333 749 2411; x_wconf 82' lang='lat' dir='ltr'><strong>autlege</strong></span> <span class='ocrx_word' id='word_1_160' title='bbox 765 2328 868 2404; x_wconf 91' lang='lat' dir='ltr'><strong>civili,</strong></span> <span class='ocrx_word' id='word_1_161' title='bbox 885 2327 970 2387; x_wconf 92' lang='lat' dir='ltr'><strong>nullo</strong></span> <span class='ocrx_word' id='word_1_162' title='bbox 984 2325 1122 2385; x_wconf 89' lang='lat' dir='ltr'><strong>humano</strong></span> 
     </span>
     <span class='ocr_line' id='line_1_24' title="bbox 194 2415 1122 2532; baseline -0.042 -19"><span class='ocrx_word' id='word_1_163' title='bbox 194 2451 264 2532; x_wconf 84' lang='lat' dir='ltr'><strong>jure</strong></span> <span class='ocrx_word' id='word_1_164' title='bbox 285 2441 416 2525; x_wconf 91' lang='lat' dir='ltr'><strong>possunt</strong></span> <span class='ocrx_word' id='word_1_165' title='bbox 424 2432 558 2517; x_wconf 85' lang='lat' dir='ltr'><strong>juridice</strong></span> <span class='ocrx_word' id='word_1_166' title='bbox 574 2423 769 2490; x_wconf 87' lang='lat' dir='ltr'><strong>cohonestari</strong></span> <span class='ocrx_word' id='word_1_167' title='bbox 785 2425 878 2483; x_wconf 82' lang='lat' dir='ltr'><strong>scctae</strong></span> <span class='ocrx_word' id='word_1_168' title='bbox 897 2415 1122 2496; x_wconf 79' lang='lat' dir='ltr'><strong>illaereligiosae</strong></span> 
     </span>
     <span class='ocr_line' id='line_1_25' title="bbox 197 2510 1124 2624; baseline -0.04 -19"><span class='ocrx_word' id='word_1_169' title='bbox 197 2560 266 2624; x_wconf 79' lang='lat' dir='ltr'><strong>qua</strong></span> <span class='ocrx_word' id='word_1_170' title='bbox 281 2553 363 2601; x_wconf 74' lang='lat' dir='ltr'><strong>verat</strong></span> <span class='ocrx_word' id='word_1_171' title='bbox 377 2526 518 2608; x_wconf 80' lang='lat' dir='ltr'><strong>religioni</strong></span> <span class='ocrx_word' id='word_1_172' title='bbox 533 2543 552 2585; x_wconf 86' lang='lat' dir='ltr'><strong>a</strong></span> <span class='ocrx_word' id='word_1_173' title='bbox 566 2525 630 2583; x_wconf 87' lang='lat' dir='ltr'><strong>Deo</strong></span> <span class='ocrx_word' id='word_1_174' title='bbox 642 2519 757 2594; x_wconf 78' lang='lat' dir='ltr'><strong>volita,</strong></span> <span class='ocrx_word' id='word_1_175' title='bbox 773 2518 845 2578; x_wconf 89' lang='lat' dir='ltr'><strong>sunt</strong></span> <span class='ocrx_word' id='word_1_176' title='bbox 859 2512 1020 2595; x_wconf 75' lang='lat' dir='ltr'><strong>opposita.</strong></span> <span class='ocrx_word' id='word_1_177' title='bbox 1041 2510 1124 2582; x_wconf 88' lang='lat' dir='ltr'><strong>Qua-</strong></span> 
     </span>
     <span class='ocr_line' id='line_1_26' title="bbox 196 2613 1166 2717; baseline -0.041 -18"><span class='ocrx_word' id='word_1_178' title='bbox 196 2637 325 2717; x_wconf 87' lang='lat' dir='ltr'><strong>propter</strong></span> <span class='ocrx_word' id='word_1_179' title='bbox 344 2621 484 2689; x_wconf 77' lang='lat' dir='ltr'><strong>Ecclesia</strong></span> <span class='ocrx_word' id='word_1_180' title='bbox 513 2613 692 2697; x_wconf 85' lang='lat' dir='ltr'><strong>hujusmodi</strong></span> <span class='ocrx_word' id='word_1_181' title='bbox 710 2615 810 2674; x_wconf 89' lang='lat' dir='ltr'><strong>sectas</strong></span> <span class='ocrx_word' id='word_1_182' title='bbox 831 2626 939 2671; x_wconf 90' lang='lat' dir='ltr'><strong>omnes</strong></span> <span class='ocrx_word' id='word_1_183' title='bbox 963 2618 1124 2683; x_wconf 90' lang='lat' dir='ltr'><strong>nunquam</strong></span> <span class='ocrx_word' id='word_1_184' title='bbox 1162 2626 1166 2635; x_wconf 26' lang='grc' dir='ltr'>κ</span> 
     </span>
     <span class='ocr_line' id='line_1_27' title="bbox 196 2691 1132 2807; baseline -0.041 -17"><span class='ocrx_word' id='word_1_185' title='bbox 196 2733 347 2807; x_wconf 87' lang='lat' dir='ltr'><strong>tanquam</strong></span> <span class='ocrx_word' id='word_1_186' title='bbox 365 2715 504 2796; x_wconf 82' lang='lat' dir='ltr'><strong>legitima</strong></span> <span class='ocrx_word' id='word_1_187' title='bbox 520 2709 702 2772; x_wconf 82' lang='lat' dir='ltr'><strong>constitutas</strong></span> <span class='ocrx_word' id='word_1_188' title='bbox 728 2701 928 2782; x_wconf 82' lang='lat' dir='ltr'><strong>recognovit3</strong></span> <span class='ocrx_word' id='word_1_189' title='bbox 951 2700 1060 2759; x_wconf 89' lang='lat' dir='ltr'><strong>contra</strong></span> <span class='ocrx_word' id='word_1_190' title='bbox 1083 2691 1132 2754; x_wconf 59' lang='lat' dir='ltr'><strong>ot,</strong></span> 
     </span>
     <span class='ocr_line' id='line_1_28' title="bbox 196 2787 1125 2893; baseline -0.04 -11"><span class='ocrx_word' id='word_1_191' title='bbox 196 2819 273 2882; x_wconf 83' lang='lat' dir='ltr'><strong>viles</strong></span> <span class='ocrx_word' id='word_1_192' title='bbox 288 2805 505 2893; x_wconf 85' lang='lat' dir='ltr'><strong>dispositiones</strong></span> <span class='ocrx_word' id='word_1_193' title='bbox 521 2821 590 2882; x_wconf 88' lang='lat' dir='ltr'><strong>quae</strong></span> <span class='ocrx_word' id='word_1_194' title='bbox 600 2802 722 2862; x_wconf 90' lang='lat' dir='ltr'><strong>tantum</strong></span> <span class='ocrx_word' id='word_1_195' title='bbox 736 2797 876 2856; x_wconf 83' lang='lat' dir='ltr'><strong>favorem</strong></span> <span class='ocrx_word' id='word_1_196' title='bbox 889 2791 981 2852; x_wconf 89' lang='lat' dir='ltr'><strong>sectis</strong></span> <span class='ocrx_word' id='word_1_197' title='bbox 997 2787 1125 2848; x_wconf 88' lang='lat' dir='ltr'><strong>acatho-</strong></span> 
     </span>
     <span class='ocr_line' id='line_1_29' title="bbox 130 2877 1125 3000; baseline -0.039 -23"><span class='ocrx_word' id='word_1_198' title='bbox 130 2995 135 3000; x_wconf 14' lang='grc' dir='ltr'>ἢ</span> <span class='ocrx_word' id='word_1_199' title='bbox 196 2912 263 2974; x_wconf 90' lang='lat' dir='ltr'><strong>licis</strong></span> <span class='ocrx_word' id='word_1_200' title='bbox 279 2903 488 2977; x_wconf 83' lang='lat' dir='ltr'><strong>contulerunt,</strong></span> <span class='ocrx_word' id='word_1_201' title='bbox 501 2897 561 2957; x_wconf 89' lang='lat' dir='ltr'><strong>alte</strong></span> <span class='ocrx_word' id='word_1_202' title='bbox 575 2889 767 2965; x_wconf 84' lang='lat' dir='ltr'><strong>reclamavit,</strong></span> <span class='ocrx_word' id='word_1_203' title='bbox 785 2900 990 2963; x_wconf 86' lang='lat' dir='ltr'><strong>necunquam</strong></span> <span class='ocrx_word' id='word_1_204' title='bbox 1004 2877 1125 2941; x_wconf 87' lang='lat' dir='ltr'><strong>censuit</strong></span> 
     </span>
    </p>

    <p class='ocr_par' dir='ltr' id='par_1_4' title="bbox 196 2967 1123 3086">
     <span class='ocr_line' id='line_1_30' title="bbox 196 2967 1123 3086; baseline -0.044 -18"><span class='ocrx_word' id='word_1_205' title='bbox 196 3023 254 3086; x_wconf 93' lang='lat' dir='ltr'><strong>per</strong></span> <span class='ocrx_word' id='word_1_206' title='bbox 267 3021 320 3064; x_wconf 92' lang='lat' dir='ltr'><strong>eas</strong></span> <span class='ocrx_word' id='word_1_207' title='bbox 329 2999 402 3080; x_wconf 86' lang='lat' dir='ltr'><strong>jura</strong></span> <span class='ocrx_word' id='word_1_208' title='bbox 410 3012 467 3056; x_wconf 89' lang='lat' dir='ltr'><strong>sua</strong></span> <span class='ocrx_word' id='word_1_209' title='bbox 479 2985 624 3052; x_wconf 89' lang='lat' dir='ltr'><strong>imminui</strong></span> <span class='ocrx_word' id='word_1_210' title='bbox 635 2999 737 3061; x_wconf 85' lang='lat' dir='ltr'><strong>posse,</strong></span> <span class='ocrx_word' id='word_1_211' title='bbox 748 2981 820 3040; x_wconf 88' lang='lat' dir='ltr'><strong>licet</strong></span> <span class='ocrx_word' id='word_1_212' title='bbox 834 2975 1000 3056; x_wconf 86' lang='lat' dir='ltr'><strong>subjacens</strong></span> <span class='ocrx_word' id='word_1_213' title='bbox 1012 2967 1123 3050; x_wconf 86' lang='lat' dir='ltr'><strong>majori</strong></span> 
     </span>
    </p>
   </div>
   <div class='ocr_carea' id='block_1_3' title="bbox 196 3073 779 3171">
    <p class='ocr_par' dir='ltr' id='par_1_5' title="bbox 196 3073 779 3172">
     <span class='ocr_line' id='line_1_31' title="bbox 196 3073 779 3171; baseline -0.051 -11"><span class='ocrx_word' id='word_1_214' title='bbox 196 3098 228 3160; x_wconf 90' lang='lat' dir='ltr'><strong>vi</strong></span> <span class='ocrx_word' id='word_1_215' title='bbox 246 3097 284 3156; x_wconf 89' lang='lat' dir='ltr'><strong>iis</strong></span> <span class='ocrx_word' id='word_1_216' title='bbox 299 3087 468 3171; x_wconf 86' lang='lat' dir='ltr'><strong>aliquando</strong></span> <span class='ocrx_word' id='word_1_217' title='bbox 482 3083 528 3145; x_wconf 92' lang='lat' dir='ltr'><strong>uti</strong></span> <span class='ocrx_word' id='word_1_218' title='bbox 539 3098 601 3142; x_wconf 89' lang='lat' dir='ltr'><strong>non</strong></span> <span class='ocrx_word' id='word_1_219' title='bbox 615 3073 713 3158; x_wconf 87' lang='lat' dir='ltr'><strong>possit</strong></span> <span class='ocrx_word' id='word_1_220' title='bbox 726 3073 736 3152; x_wconf 86' lang='lat'>(</span> <span class='ocrx_word' id='word_1_221' title='bbox 757 3074 779 3152; x_wconf 85' lang='lat'><strong>).</strong></span> 
     </span>
    </p>
   </div>
   <div class='ocr_carea' id='block_1_4' title="bbox 196 3223 1127 3538">
    <p class='ocr_par' dir='ltr' id='par_1_6' title="bbox 196 3223 1126 3468">
     <span class='ocr_line' id='line_1_32' title="bbox 226 3223 1124 3322; baseline -0.039 -14"><span class='ocrx_word' id='word_1_222' title='bbox 226 3253 258 3322; x_wconf 86' lang='lat' dir='ltr'><strong>(t)</strong></span> <span class='ocrx_word' id='word_1_223' title='bbox 276 3259 302 3306; x_wconf 75' lang='lat'><strong>1⁰</strong></span> <span class='ocrx_word' id='word_1_224' title='bbox 320 3249 439 3302; x_wconf 84' lang='lat' dir='ltr'><strong>Libertas</strong></span> <span class='ocrx_word' id='word_1_225' title='bbox 448 3245 567 3295; x_wconf 87' lang='lat' dir='ltr'><strong>cultuum</strong></span> <span class='ocrx_word' id='word_1_226' title='bbox 581 3250 635 3288; x_wconf 88' lang='lat' dir='ltr'><strong>nou</strong></span> <span class='ocrx_word' id='word_1_227' title='bbox 652 3234 740 3299; x_wconf 88' lang='lat' dir='ltr'><strong>potest</strong></span> <span class='ocrx_word' id='word_1_228' title='bbox 749 3229 896 3281; x_wconf 80' lang='lat' dir='ltr'><strong>asseverari</strong></span> <span class='ocrx_word' id='word_1_229' title='bbox 908 3231 1036 3290; x_wconf 86' lang='lat' dir='ltr'><strong>tanquam</strong></span> <span class='ocrx_word' id='word_1_230' title='bbox 1050 3223 1124 3288; x_wconf 85' lang='lat' dir='ltr'><strong>prin-</strong></span> 
     </span>
     <span class='ocr_line' id='line_1_33' title="bbox 196 3299 1126 3397; baseline -0.035 -14"><span class='ocrx_word' id='word_1_231' title='bbox 196 3333 297 3397; x_wconf 82' lang='lat' dir='ltr'><strong>cipiunt</strong></span> <span class='ocrx_word' id='word_1_232' title='bbox 315 3322 448 3390; x_wconf 66' lang='lat' dir='ltr'><strong>requitatis</strong></span> <span class='ocrx_word' id='word_1_233' title='bbox 468 3314 614 3369; x_wconf 84' lang='lat' dir='ltr'><strong>naturalis:</strong></span> <span class='ocrx_word' id='word_1_234' title='bbox 630 3327 643 3358; x_wconf 85' lang='lat' dir='ltr'><strong>a</strong></span> <span class='ocrx_word' id='word_1_235' title='bbox 660 3322 719 3374; x_wconf 87' lang='lat' dir='ltr'><strong>quae</strong></span> <span class='ocrx_word' id='word_1_236' title='bbox 736 3309 775 3356; x_wconf 85' lang='lat' dir='ltr'><strong>est</strong></span> <span class='ocrx_word' id='word_1_237' title='bbox 786 3303 863 3370; x_wconf 87' lang='lat' dir='ltr'><strong>pejor</strong></span> <span class='ocrx_word' id='word_1_238' title='bbox 880 3317 953 3354; x_wconf 90' lang='lat' dir='ltr'><strong>mors</strong></span> <span class='ocrx_word' id='word_1_239' title='bbox 970 3301 1076 3364; x_wconf 83' lang='lat' dir='ltr'><strong>animae,</strong></span> <span class='ocrx_word' id='word_1_240' title='bbox 1089 3299 1126 3350; x_wconf 83' lang='lat' dir='ltr'><strong>ait</strong></span> 
     </span>
     <span class='ocr_line' id='line_1_34' title="bbox 196 3378 885 3468; baseline -0.049 -8"><span class='ocrx_word' id='word_1_241' title='bbox 196 3411 222 3462; x_wconf 85' lang='lat' dir='ltr'><strong>S.</strong></span> <span class='ocrx_word' id='word_1_242' title='bbox 236 3401 398 3468; x_wconf 76' lang='lat' dir='ltr'><strong>Augustinus</strong></span> <span class='ocrx_word' id='word_1_243' title='bbox 409 3397 463 3462; x_wconf 79' lang='lat' dir='ltr'><strong>(Ep.</strong></span> <span class='ocrx_word' id='word_1_244' title='bbox 480 3393 529 3462; x_wconf 79' lang='lat'><strong>66),</strong></span> <span class='ocrx_word' id='word_1_245' title='bbox 541 3403 622 3454; x_wconf 82' lang='lat' dir='ltr'><strong>quam</strong></span> <span class='ocrx_word' id='word_1_246' title='bbox 634 3385 744 3436; x_wconf 87' lang='lat' dir='ltr'><strong>libertas</strong></span> <span class='ocrx_word' id='word_1_247' title='bbox 754 3378 862 3432; x_wconf 86' lang='lat' dir='ltr'><strong>erroris.</strong></span> <span class='ocrx_word' id='word_1_248' title='bbox 872 3397 885 3428; x_wconf 83' lang='lat' dir='ltr'><strong>n</strong></span> 
     </span>
    </p>

    <p class='ocr_par' dir='ltr' id='par_1_7' title="bbox 227 3452 1127 3538">
     <span class='ocr_line' id='line_1_35' title="bbox 227 3452 1127 3538; baseline -0.04 -1"><span class='ocrx_word' id='word_1_249' title='bbox 227 3487 254 3538; x_wconf 82' lang='lat'><strong>2⁰</strong></span> <span class='ocrx_word' id='word_1_250' title='bbox 272 3483 414 3534; x_wconf 78' lang='lat' dir='ltr'><strong>occurrere</strong></span> <span class='ocrx_word' id='word_1_251' title='bbox 426 3476 517 3522; x_wconf 89' lang='lat' dir='ltr'><strong>tumen</strong></span> <span class='ocrx_word' id='word_1_252' title='bbox 530 3466 643 3535; x_wconf 85' lang='lat' dir='ltr'><strong>possunt</strong></span> <span class='ocrx_word' id='word_1_253' title='bbox 652 3458 773 3528; x_wconf 87' lang='lat' dir='ltr'><strong>quaedam</strong></span> <span class='ocrx_word' id='word_1_254' title='bbox 788 3455 913 3524; x_wconf 85' lang='lat' dir='ltr'><strong>adjuncta</strong></span> <span class='ocrx_word' id='word_1_255' title='bbox 929 3453 957 3504; x_wconf 90' lang='lat' dir='ltr'><strong>in</strong></span> <span class='ocrx_word' id='word_1_256' title='bbox 971 3452 1068 3524; x_wconf 84' lang='lat' dir='ltr'><strong>quibus</strong></span> <span class='ocrx_word' id='word_1_257' title='bbox 1080 3463 1127 3520; x_wconf 85' lang='lat' dir='ltr'><strong>po·</strong></span> 
     </span>
    </p>
   </div>
   <div class='ocr_carea' id='block_1_5' title="bbox 0 0 1312 4012">
    <p class='ocr_par' dir='ltr' id='par_1_8' title="bbox 0 0 1312 4012">
     <span class='ocr_line' id='line_1_36' title="bbox 0 0 1312 4012; baseline 0 0"><span class='ocrx_word' id='word_1_258' title='bbox 0 0 1312 4012; x_wconf 95' lang='lat' dir='ltr'><strong> </strong></span> 
     </span>
    </p>
   </div>
   <div class='ocr_carea' id='block_1_6' title="bbox 1283 3187 1293 3954">
    <p class='ocr_par' dir='ltr' id='par_1_9' title="bbox 1283 3187 1293 3954">
     <span class='ocr_line' id='line_1_37' title="bbox 1283 3187 1293 3954; baseline 0 0"><span class='ocrx_word' id='word_1_259' title='bbox 1283 3187 1293 3954; x_wconf 95' lang='lat' dir='ltr'><strong> </strong></span> 
     </span>
    </p>
   </div>
  </div>
 </body>
</html>
