2584 4022
172 265 215 326 lo
362 274 592 324 msnrurronns
612 275 696 324 sonus
718 274 877 330 cunonmr.

174 423 267 486 ollloii
281 422 330 484 sui
344 421 482 484 rationes
497 421 649 499 reddere,
665 423 709 484 ita
721 421 852 483 clericus
873 416 969 479 ctiam
983 415 1104 478 ratione

173 514 277 594 officii,
294 514 319 578 si
334 513 437 576 abeno
452 512 577 576 nomine
589 514 813 591 conveniatur,
830 515 927 588 tutor,
941 529 971 570 v.
990 527 1038 588 g,
1053 527 1106 571 ra-

172 609 258 672 tione
271 608 393 694 pupilli,
405 611 534 670 curator
545 607 667 669 ratione
677 607 817 685 minoris,
835 609 909 682 eta,
926 619 1033 666 eoram
1051 603 1103 684 ju-

174 702 243 765 dioe
256 701 399 766 saeculari
411 701 602 781 respondere
614 704 728 782 potest.

213 796 265 857 lx.
291 793 424 868 Quinam
440 793 473 854 in
489 794 593 873 speeie
614 794 755 873 gaudent
769 789 929 873 privilegio
944 789 1009 870 sori
1020 789 1105 851 erck-

173 887 307 950 n'asticil
321 890 390 949 Nou
409 890 532 949 tuntum
550 879 655 948 clerici
669 887 701 947 in
722 886 820 948 sacris
833 882 993 946 constituti
1009 881 1106 962 privi-

173 981 256 1062 legio
277 980 338 1043 fori
361 979 563 1042 ecclesiastici
584 979 740 1059 gaudent,
756 978 813 1041 sed
835 977 930 1039 etiam
948 975 1052 1038 cleriei
1073 975 1106 1036 in

174 1072 348 1135 minoribus
363 1071 533 1152 constituti,
553 1071 604 1133 vel
619 1072 644 1134 si
658 1075 782 1134 tantum
796 1074 927 1133 tonsura
940 1068 1064 1146 initiati,
1080 1067 1105 1130 si

174 1167 342 1229 observent
352 1183 481 1244 ee,quae
492 1165 816 1243 aTrident.,sess.23‚
833 1165 951 1240 c.6,lle
961 1162 1103 1239 reform,

175 1259 224 1322 his
236 1257 493 1339 prescribantur,
506 1262 541 1321 ut
553 1258 671 1320 scilieet
684 1259 734 1322 vel
747 1256 934 1320 beneficium
948 1255 1107 1318 ecclesias-

175 1354 272 1416 tioum
287 1353 360 1433 (late
376 1352 558 1431 accipiendo
578 1369 694 1415 nomon
714 1350 877 1427 beneficii,
901 1351 995 1429 prout
1012 1347 1107 1410 etiam

175 1447 358 1528 pensionem
374 1445 540 1526 signifieat)
554 1445 709 1524 habeant,
733 1444 783 1507 vel
803 1444 829 1506 si
842 1443 1031 1505 beneficium
1044 1459 1107 1503 non
1186 1445 1195 1456 '

175 1540 324 1618 habeant,
341 1539 453 1602 saltem
468 1538 645 1600 clericalem
660 1538 803 1600 habitum
825 1541 857 1598 et
869 1539 1032 1599 tonsuram
1053 1535 1109 1595 de-

175 1631 297 1710 ferant,
318 1635 349 1694 et
367 1630 459 1693 alicui
474 1630 614 1692 ecclesiae
635 1650 674 1692 ex
692 1631 843 1692 mandato
858 1628 996 1709 episcopi
1009 1628 1109 1689 inser-

175 1725 279 1803 viant,
295 1724 345 1787 vel
367 1731 452 1787 certe
476 1723 639 1802 habitum,
662 1727 693 1786 et
706 1729 870 1786 tonsuram
886 1723 1061 1784 deferentes
1075 1721 1109 1780 in

176 1817 344 1881 seminario
358 1818 464 1898 aliquo
478 1817 676 1896 elericorum,
697 1817 747 1879 vel
760 1817 791 1877 in
804 1817 911 1898 aliqua
924 1815 1042 1894 schola,
1059 1813 1109 1875 vel

175 1913 207 1973 in
228 1911 431 1974 universitate
446 1910 572 1992 aliqua,
589 1911 629 1972 de
649 1911 776 1974 lieentia
791 1910 944 1992 episcopi,
969 1907 1060 1990 quasi
1076 1907 1107 1968 in

176 2005 229 2067 via
243 2004 284 2065 ad
298 2004 435 2084 majores
448 2003 574 2066 ordines
588 2003 804 2083 suscipiendos
815 2007 990 2067 versentur.
1129 2079 1131 2082 Ι

216 2097 256 2159 nt
274 2097 419 2177 quamvis
437 2097 497 2158 hoc
518 2096 577 2159 fori
601 2095 801 2176 privilegium
815 2100 900 2160 recte
923 2096 963 2157 ad
978 2096 1109 2158 clericos

178 2189 374 2272 conjugatos,
390 2189 444 2270 qui
456 2207 529 2251 oum
538 2189 643 2268 unica,
660 2189 896 2270 eaquc'virgine
910 2189 962 2270 (ab
973 2189 1034 2253 alio
1047 2205 1110 2252 non

180 2283 338 2364 corrupta)
359 2287 601 2362 contraxerunt,
622 2287 653 2345 et
673 2282 772 2346 dietas
793 2282 989 2346 conditiones
1003 2283 1111 2346 obser-

179 2381 265 2454 vant,
281 2377 481 2455 extendatur,
497 2377 690 2458 probabilior
700 2381 809 2440 tamen
822 2377 883 2440 dici
895 2380 1008 2458 potest,
1026 2375 1111 2458 quod

178 2468 211 2529 in
221 2469 434 2531 criminalibus
444 2474 566 2532 tantum
578 2469 610 2532 hi
620 2471 679 2533 hoo
688 2471 748 2532 fori
759 2470 923 2552 privilegio
935 2469 1106 2550 gaudeant,

179 2559 245 2620 sive
257 2560 282 2621 si
298 2560 338 2620 de
351 2560 481 2640 erimine
495 2562 646 2637 puniendi
667 2563 730 2623 sint
748 2562 969 2641 criminaliter,
988 2562 1054 2623 sive
1069 2560 1112 2622 ei·

179 2650 284 2713 viliter
299 2649 526 2712 conveniantur
542 2669 550 2712 ε
567 2651 683 2712 rectius
696 2656 803 2714 tamen
828 2653 889 2715 hoo
909 2653 969 2714 fori
983 2652 1111 2732 privile-

180 2743 267 2824 gium
287 2743 328 2805 ad
346 2761 460 2805 uxores
473 2742 630 2822 legitimus
651 2743 762 2806 talium
777 2745 983 2823 elericorum,
999 2745 1062 2822 uti,
1079 2748 1111 2806 et

179 2835 295 2898 liberos
310 2854 419 2899 eorum
430 2853 493 2898 non
506 2836 693 2915 extenditur,
706 2855 778 2899 eum
787 2837 986 2920 privilegium
996 2838 1057 2901 hoo
1071 2837 1111 2898 sit

180 2929 378 3011 privilegium
393 2930 578 3009 personale,
596 2935 627 2993 et
643 2947 754 2994 uxores
775 2932 807 2992 in
827 2931 887 2994 illis
900 2935 1023 2994 tantum
1043 2947 1111 2992 sor-

180 3023 299 3088 tiantur
314 3023 418 3086 forum
432 3022 616 3105 mariti,·qui
633 3043 704 3087 cum
719 3024 794 3104 ipsis
805 3023 1029 3087 communicari
1039 3041 1112 3104 pos-

179 3123 262 3194 sunt,
279 3118 377 3180 multo
392 3117 496 3180 minus
507 3119 632 3180 extendi
647 3117 743 3180 debet
758 3118 799 3179 ad
814 3117 1005 3181 concubinas
1019 3115 1113 3180 cleri-

179 3225 290 3270 corum
312 3211 458 3290 (quarum
474 3211 588 3275 delicta
600 3229 673 3273 oum
685 3211 807 3274 clericis
823 3211 1009 3290 commissa,
1026 3213 1110 3272 recte

180 3301 327 3363 dicuntur
337 3304 425 3366 mixti
435 3304 494 3366 fori
505 3305 643 3384 delicta),
654 3303 694 3366 ad
704 3304 855 3366 familiam
866 3305 1063 3383 clericorum,
1071 3303 1112 3365 ad

180 3394 323 3471 rusticos,
338 3399 369 3458 et
383 3396 510 3459 colonos
524 3398 719 3476 elericorum,
733 3402 807 3478 eta,
821 3398 861 3461 de
876 3398 991 3482 quibus
1004 3403 1112 3462 tamen

180 3505 252 3556 oum
262 3486 422 3574 jureuibil
435 3491 569 3578 speciale
584 3491 705 3562 ratione
720 3491 780 3560 lori
795 3496 945 3576 minant,
956 3492 1047 3579 juxta
1057 3491 1111 3580 jus
