2586 4020
536 291 585 346 'nu
607 297 746 347 ruamus.
1058 285 1112 347 tel

185 432 307 507 nire'ob
322 442 464 522 crimina,
482 461 552 525 quae
566 444 698 508 fortasse
713 444 785 525 post
799 442 1043 524 appellationem
1059 462 1116 526 po-

184 538 287 615 sitam,
305 541 359 599 aut
372 543 444 601 ante
468 557 539 599 eam
555 537 721 602 commisit.
739 537 818 610 Quia
830 555 883 598 eos
900 537 1068 618 appellatio
1082 537 1115 598 in

184 649 240 692 sua
257 630 420 711 iniquitate
432 631 513 692 tueri
527 651 589 694 non
605 632 709 708 debet,
732 630 898 711 quominus
913 649 971 711 per
987 630 1116 694 canoni-

184 743 252 785 cam
267 743 434 786 censuram
446 725 550 804 puniri
564 725 712 786 debeant.

222 818 326 880 Tertio
345 821 449 897 potest
460 817 556 898 judex
570 837 589 879 a
605 837 678 898 quo,
694 817 760 879 sive
775 816 963 894 ordinarius,
981 816 1046 879 sive
1059 817 1115 878 de·

181 911 303 990 legatus
311 911 369 971 *ille
384 911 434 988 sit,
462 929 480 972 a
495 911 585 992 cnjus
600 910 847 986 interlocutoria,
865 915 919 970 aut
931 909 1115 989 gravamine

183 1009 254 1064 ante
279 1003 470 1065 definitivam
494 1004 664 1084 appellavit
678 1003 800 1084 aliquis,
818 1002 844 1063 si
865 1002 938 1063 citet
953 1003 994 1066 ad
1007 1004 1116 1065 termi-

96 1155 99 1158 .
181 1115 257 1158 uum
272 1100 393 1158 certum
403 1097 613 1177 appellantem
627 1098 666 1158 ad
677 1096 868 1158 audiendam
882 1097 1115 1158 revocationem

181 1189 383 1270 gravaminis,
400 1189 426 1268 si
440 1189 567 1270 quidem
582 1209 652 1251 enm
664 1189 842 1251 faciendam
853 1188 1018 1267 existimet,
1030 1190 1115 1270 quod

181 1282 249 1344 lieri
263 1301 354 1362 posse
371 1301 408 1342 ex
424 1282 514 1344 dictis
523 1282 590 1364 jam
605 1286 702 1362 patet,
721 1289 751 1344 et
764 1282 815 1343 ille
831 1283 884 1362 qui
897 1283 1069 1361 appellavit
1082 1283 1114 1343 in

180 1375 313 1437 terraino
334 1377 461 1455 praefixo
484 1394 546 1437 non
568 1379 759 1454 compareat,
771 1375 987 1456 judextamen
1003 1394 1115 1454 grava·

181 1469 384 1548 menreipsa,
412 1473 444 1531 et
459 1472 530 1531 actu
545 1475 682 1545 revocet,
697 1469 795 1530 libere
809 1468 839 1528 in
856 1487 968 1545 causa,
985 1487 1048 1530 non
1063 1468 1116 1531 ob·

181 1565 283 1623 stante
298 1561 510 1642 appellatione
525 1563 618 1640 iacta,
634 1562 807 1642 procedere
829 1565 937 1624 contra
952 1561 1114 1624 absentem

181 1655 276 1716 etiam
301 1661 452 1736 tanquam
479 1658 587 1717 contra
613 1658 841 1732 contumacem,
871 1655 945 1736 quia
971 1658 1114 1718 cessante

179 1749 373 1828 gravamine,
390 1749 623 1828 propterquod
638 1749 841 1829 appellatum,
865 1751 896 1810 et
913 1767 971 1828 per
985 1767 1114 1810 revoca-

177 1841 296 1904 tionem
316 1841 384 1921 jam
403 1845 513 1920 cessat,
542 1845 643 1902 cessat
668 1842 763 1903 etiam
787 1843 926 1918 ellectuS,
944 1841 1113 1922 appellatio

178 1934 306 2010 scilicet,
330 1938 361 1996 et
380 1938 610 2016 cousequenter
634 1937 733 1996 totam
748 1952 838 1996 suam
860 1933 1112 2014 jurisdictionem

178 2028 274 2089 habet
283 2026 382 2107 judex
394 2047 413 2088 a
431 2045 504 2107 quo.

218 2122 334 2202 Quarto
350 2124 454 2200 potest
464 2121 562 2202 judex
575 2139 593 2181 a
608 2139 670 2201 quo
689 2139 761 2188 eum
777 2139 871 2200 quem
886 2120 926 2183 ob
948 2126 1112 2182 centuma-

178 2213 270 2291 uiam,
294 2233 324 2275 v.
350 2233 396 2293 g.,
427 2233 517 2276 snam
546 2213 839 2290 excommunicavit,
868 2215 1109 2290 nonobstante,

179 2307 263 2388 quod
278 2306 319 2367 ad
331 2325 458 2386 papam,
476 2309 531 2368 aut
552 2307 648 2366 alium
663 2306 857 2384 superiorem
867 2305 919 2366 hio
932 2305 1112 2385 appellave-

177 2399 228 2477 rit,
246 2400 286 2460 ab
307 2400 630 2462 excommunicatione
645 2399 807 2462 absolvere
830 2399 866 2480 (si
883 2398 1111 2460 absolutionem

177 2492 258 2554 hanc
283 2493 410 2572 abipso
434 2496 531 2572 petat,
553 2493 606 2573 qui
628 2493 807 2573 appellavit,
838 2499 870 2554 et
902 2492 1111 2554 sufficientem

177 2586 355 2648 cautionem
377 2586 518 2648 adversae
542 2585 623 2666 parti
637 2587 787 2667 prestet),
806 2587 949 2668 quamvis
964 2587 1110 2649 adversa-

176 2679 241 2741 rius
266 2678 472 2756 contradicat,
500 2683 531 2740 et
552 2681 688 2759 appellet
711 2681 817 2742 etiem.
842 2683 923 2742 Tum
949 2682 1033 2761 quod
1054 2698 1111 2759 per

176 2772 258 2833 hanc
274 2771 504 2834 ahsolutionem
530 2791 592 2833 nen
607 2773 778 2852 impeditur
799 2792 909 2835 cursus
928 2773 1109 2854 appellatio·

177 2865 236 2952 nis,
253 2868 320 2927 tum
333 2863 425 2945 quod¹
440 2864 484 2926 sic
507 2865 619 2926 animae
641 2866 900 2928 excommunicati
917 2866 1107 2942 consulatur,

177 2961 208 3020 et
219 2959 312 3020 simul
327 2977 383 3038 per
398 2957 577 3019 cautionem
590 2959 762 3038 praestitam
777 2959 858 3038 parti
869 2959 1021 3021 adversa.

215 3055 247 3114 2⁰
261 3051 306 3112 De
320 3051 424 3131 effecta
448 3051 652 3134 appellationis
667 3051 838 3114 devolutivo.
866 3052 957 3124 Quod
980 3071 1037 3134 per
1056 3071 1109 3131 ap-

174 3144 376 3224 pellationem
400 3163 496 3207 causa
509 3144 701 3227 principalis,
720 3163 815 3226 super
837 3163 899 3225 qua
916 3145 1108 3226 appellatum

175 3241 233 3315 est,
248 3237 433 3300 devolvatur
454 3238 494 3300 ad
506 3238 647 3320 judicem
662 3237 703 3298 ad
718 3255 824 3318 quern,
845 3237 889 3299 ita
901 3241 936 3300 ut
949 3238 999 3299 hic
1010 3239 1109 3320 judex
1212 3299 1218 3316 ,

174 3349 238 3394 non
249 3338 373 3394 tantum
387 3333 427 3394 de
434 3332 556 3414 justitia
568 3330 786 3412 appellationis
798 3349 987 3412 cognoscere
997 3334 1105 3413 possit,

175 3425 230 3486 sed
255 3443 383 3488 oausam
397 3425 493 3490 etiam
514 3424 720 3506 principalem
730 3423 885 3508 judicare,
910 3428 942 3488 et
962 3426 1107 3488 decidere

174 3518 1109 3602 possit,aodebeat.lltconsequenterappellatioetiamparit
