2586 4020
183 275 241 338 ll8
392 283 622 335 rnsrrrurroms
643 283 726 334 runis
748 283 902 336 eruemur.

184 433 328 496 omnihus
342 432 435 495 simul
447 431 646 513 congregatis
660 431 827 511 appellatio
837 429 905 492 lieri
919 431 1048 506 debeat3
1064 431 1114 496 vel

184 527 209 589 si
229 545 291 589 non
311 545 430 604 omnes,
451 528 506 588 aut
520 525 624 586 nullus
642 523 751 604 judex,
769 543 864 605 aquo
880 523 989 586 haberi
1005 526 1112 605 possit,

183 639 290 684 eoram
305 639 367 702 quo
384 618 551 700 appellatio
566 619 666 694 fieret,
683 624 751 678 tum
764 618 832 678 fieri
846 636 884 680 ea
899 618 994 680 dehet
1008 637 1115 682 eoram

179 713 286 795 jndioe
323 713 364 774 ad
392 731 497 792 quem,
532 715 564 772 et
586 709 686 792 judici
708 729 728 772 a
750 729 812 790 quo
843 710 993 788 intimari,
1016 719 1073 774 aut
1089 712 1114 773 si

184 825 286 888 neque
297 805 391 887 hujus
405 804 496 884 eopia
506 803 616 866 haberi
626 803 734 882 possit,
748 822 855 865 eoram
869 803 944 866 viris
961 805 1112 882 honestis,
1185 889 1186 892 Ἴ

184 900 235 962 vel
270 900 365 962 etiam
403 915 466 960 uno
506 898 658 974 honeste,
695 896 842 959 adhibitis
875 896 1027 976 testibus,
1066 898 1115 960 vel

183 1010 290 1054 eoram
305 991 443 1069 notario,
471 990 525 1071 qui
546 990 678 1051 testibus
702 989 850 1051 adhibitis
873 989 1115 1052 instrumentum

181 1085 240 1148 hae
254 1103 406 1164 superne,
427 1101 488 1164 quo
503 1083 670 1163 appellatio
684 1083 802 1146 seilicet
813 1081 1111 1164 fueritintarposita,

184 1178 340 1242 eonfleiat.

223 1269 354 1334 Sulfioit'
373 1269 469 1333 etiam
499 1287 738 1350 nonnunquam,
769 1269 794 1330 si
824 1269 914 1350 gravi
944 1274 1030 1332 metu
1046 1273 1115 1352 quis

180 1365 372 1446 impediatur
385 1365 427 1426 ah
450 1363 672 1444 appellatione,
696 1364 863 1443 protestari
877 1382 983 1425 eoram
994 1365 1112 1446 jndice,

182 1460 232 1521 vel
251 1459 277 1520 si
299 1477 407 1521 eoram
427 1457 488 1520 hoe
509 1476 573 1519 non
597 1457 706 1536 possit,
733 1475 841 1519 eoram
868 1458 944 1520 viris
964 1459 1112 1536 honestis,

182 1553 267 1632 qnod
282 1551 322 1614 ob
334 1569 508 1632 gravamen
518 1551 581 1612 tale
595 1551 755 1630 appellare
774 1551 880 1629 vellet,
896 1551 956 1614 nisi
969 1553 1116 1631 prohibe·

183 1649 281 1723 retur,
307 1645 462 1725 expressis
483 1643 579 1706 etiam
593 1644 695 1706 causis
715 1645 933 1724 appellationis
949 1645 1071 1726 (saltem
1085 1647 1117 1707 in

184 1737 324 1818 genere),
336 1741 407 1800 tum
421 1738 505 1800 enim
525 1737 656 1817 perinde
673 1737 785 1799 haberi
798 1737 904 1816 debet,
919 1757 956 1800 ao
968 1739 1000 1800 si
1009 1741 1117 1820 appel-

183 1832 288 1910 lasset,
303 1832 328 1893 si
346 1831 429 1893 intra
443 1832 553 1892 decem
567 1831 635 1892 dies
649 1831 742 1893 alata
754 1831 909 1894 sententia
921 1833 1116 1913 protestatio-

183 1944 256 1986 nem
269 1924 366 1986 talem
380 1923 578 2004 interposuit.

225 2020 289 2080 XII.
307 2017 359 2078 Ad
365 2017 586 2100 qoemjodieem
597 2017 636 2079 sit
646 2017 878 2098 appellandum?
891 2019 1053 2082 Gradatim
1067 2039 1117 2081 re-

185 2110 337 2190 gulariter
359 2110 428 2172 fieri
445 2111 539 2173 debet
553 2110 720 2190 appellatio
742 2111 783 2172 ad
802 2111 979 2190 proximum
992 2123 1117 2193 semper

186 2207 218 2266 et
237 2203 454 2268 immediatum
470 2203 553 2266 illius
576 2222 671 2285 aquo
692 2205 885 2284 appellatur,
909 2207 1114 2286 superiorem,

186 2317 249 2362 non
263 2302 379 2376 autem,
397 2298 511 2363 omisso
527 2297 698 2375 medi0„ad
712 2301 868 2361 remotum
883 2304 914 2361 et
930 2300 1114 2378 mediatum,

186 2410 225 2452 ne
242 2392 340 2472 judex
359 2391 563 2454 intermedius
585 2393 782 2470 contemptus
801 2410 869 2454 esse
888 2392 1033 2455 videatur
1045 2411 1117 2455 oum

187 2485 368 2546 confusione
390 2484 663 2565 jurisdictionum
693 2503 755 2546 non
786 2488 834 2547 est
860 2489 966 2548 tamen
994 2485 1116 2566 dejure

187 2576 337 2638 eanonioo
352 2577 439 2637 nulla
449 2577 629 2656 appellatio,
646 2595 716 2658 quae
732 2578 848 2642 omisso
860 2579 964 2664 medio
977 2599 1033 2642 seu
1047 2597 1118 2660 pro-

187 2667 283 2746 ximo,
300 2669 341 2729 ad
353 2669 537 2746 mediatum,
555 2673 586 2731 et
599 2673 756 2732 remotum
765 2673 958 2751 superiorem
967 2673 1051 2735 faeta
1058 2668 1127 2751 est,

188 2761 245 2823 sed
260 2762 345 2825 valet
358 2761 383 2823 si
406 2781 478 2842 pars
499 2763 633 2825 adversa
652 2763 730 2825 nihil
745 2772 893 2844 opponat,
920 2767 994 2846 qnia
1017 2771 1052 2828 ut
1073 2767 1117 2828 sle

188 2862 333 2918 censetur
342 2871 415 2936 pars
429 2855 506 2917 nihil
521 2873 681 2936 opponens
693 2858 868 2920 consentire
881 2859 913 2920 in
931 2861 1115 2937 mediatum,

188 2953 220 3013 et
240 2949 334 3032 hujus
348 2952 379 3011 in
401 2969 435 3012 se
454 2949 705 3031 jurisdictionem
729 2955 910 3032 prorogare.
933 2955 1032 3017 Immo
1047 2956 1120 3015 sunt

189 3044 294 3123 plnres
309 3063 411 3122 casus,
425 3043 458 3105 in
473 3044 586 3124 quihus
602 3043 642 3107 oh
661 3045 812 3123 speciales
826 3046 962 3108 rationes
976 3048 1060 3109 lioite
1077 3047 1119 3108 ad

188 3138 361 3202 mediatum
390 3137 594 3216 superiorem,
637 3139 751 3200 omisso
783 3129 936 3219 proximo,
967 3140 1118 3221 appellari

190 3230 298 3309 possit.
1118 3287 1121 3292 .

231 3321 282 3384 Sie
294 3323 395 3402 primo
409 3324 483 3386 lieet
495 3325 535 3386 de
546 3325 619 3406 jure
628 3325 778 3388 eanonioo
789 3345 807 3388 a
819 3328 958 3406 quolibet
972 3328 1118 3391 inferiore

187 3413 294 3496 judioe
310 3415 341 3476 in
356 3417 458 3478 causis
473 3417 689 3479 ecelesiasticis
710 3418 891 3481 immediate
904 3421 1063 3501 appellare
1079 3415 1129 3500 ad

191 3524 350 3574 summum
368 3509 566 3588 pontilioem‚
584 3509 624 3571 ob
643 3511 886 3590 prerogativam
900 3513 983 3576 sedis
998 3521 1120 3600 aposto«
