<?xml version="1.0" encoding="UTF-8"?>
<!DOCTYPE html PUBLIC "-//W3C//DTD XHTML 1.0 Transitional//EN"
    "http://www.w3.org/TR/xhtml1/DTD/xhtml1-transitional.dtd">
<html xmlns="http://www.w3.org/1999/xhtml" xml:lang="en" lang="en">
 <head>
  <title>
</title>
<meta http-equiv="Content-Type" content="text/html;charset=utf-8" />
  <meta name='ocr-system' content='tesseract 3.04.00' />
  <meta name='ocr-capabilities' content='ocr_page ocr_carea ocr_par ocr_line ocrx_word'/>
</head>
<body>
  <div class='ocr_page' id='page_1' title='image "./institutionesju01marigoog_0181.png"; bbox 0 0 2586 4020; ppageno 0'>
   <div class='ocr_carea' id='block_1_1' title="bbox 193 333 933 412">
    <p class='ocr_par' dir='ltr' id='par_1_1' title="bbox 193 333 933 412">
     <span class='ocr_line' id='line_1_1' title="bbox 193 333 933 412; baseline 0 0"><span class='ocrx_word' id='word_1_1' title='bbox 193 333 248 412; x_wconf 72' lang='lat' dir='ltr'>l&#39;vl</span> <span class='ocrx_word' id='word_1_2' title='bbox 401 339 933 412; x_wconf 63' lang='lat' dir='ltr'>&#39;-insinuatoresstriisblivor&#39;ucr.</span> 
     </span>
    </p>
   </div>
   <div class='ocr_carea' id='block_1_2' title="bbox 146 497 1124 2174">
    <p class='ocr_par' dir='ltr' id='par_1_2' title="bbox 146 497 1124 1802">
     <span class='ocr_line' id='line_1_2' title="bbox 180 497 1123 585; baseline -0.003 -13"><span class='ocrx_word' id='word_1_3' title='bbox 180 497 292 572; x_wconf 68' lang='lat' dir='ltr'>&#39;tants</span> <span class='ocrx_word' id='word_1_4' title='bbox 302 506 497 572; x_wconf 86' lang='lat' dir='ltr'>auctoritatis</span> <span class='ocrx_word' id='word_1_5' title='bbox 504 507 743 570; x_wconf 81' lang='lat' dir='ltr'>tundamentum</span> <span class='ocrx_word' id='word_1_6' title='bbox 751 510 809 585; x_wconf 90' lang='lat' dir='ltr'>est,</span> <span class='ocrx_word' id='word_1_7' title='bbox 817 505 1123 570; x_wconf 70' lang='lat' dir='ltr'>mustituatlimitem</span> 
     </span>
     <span class='ocr_line' id='line_1_3' title="bbox 179 592 1124 684; baseline -0.005 -18"><span class='ocrx_word' id='word_1_8' title='bbox 179 592 377 684; x_wconf 76' lang='lat' dir='ltr'>cuicumque</span> <span class='ocrx_word' id='word_1_9' title='bbox 389 601 534 664; x_wconf 86' lang='lat' dir='ltr'>humanae</span> <span class='ocrx_word' id='word_1_10' title='bbox 545 601 742 679; x_wconf 76' lang='lat' dir='ltr'>auctoritati,</span> <span class='ocrx_word' id='word_1_11' title='bbox 759 601 843 662; x_wconf 88' lang='lat' dir='ltr'>unde</span> <span class='ocrx_word' id='word_1_12' title='bbox 855 599 913 661; x_wconf 91' lang='lat' dir='ltr'>sibi</span> <span class='ocrx_word' id='word_1_13' title='bbox 927 600 1020 662; x_wconf 89' lang='lat' dir='ltr'>liceat</span> <span class='ocrx_word' id='word_1_14' title='bbox 1032 619 1124 663; x_wconf 82' lang='lat' dir='ltr'>exor-</span> 
     </span>
     <span class='ocr_line' id='line_1_4' title="bbox 191 693 1123 773; baseline -0.003 -15"><span class='ocrx_word' id='word_1_15' title='bbox 191 696 268 773; x_wconf 84' lang='lat' dir='ltr'><strong>diri,</strong></span> <span class='ocrx_word' id='word_1_16' title='bbox 287 695 549 772; x_wconf 87' lang='lat' dir='ltr'>oontroversiam,</span> <span class='ocrx_word' id='word_1_17' title='bbox 570 698 605 756; x_wconf 91' lang='lat' dir='ltr'>ut</span> <span class='ocrx_word' id='word_1_18' title='bbox 624 712 710 772; x_wconf 86' lang='lat' dir='ltr'>reor,</span> <span class='ocrx_word' id='word_1_19' title='bbox 733 713 804 756; x_wconf 91' lang='lat' dir='ltr'>cum</span> <span class='ocrx_word' id='word_1_20' title='bbox 820 711 905 756; x_wconf 85' lang='lat' dir='ltr'>sanae</span> <span class='ocrx_word' id='word_1_21' title='bbox 918 695 1033 755; x_wconf 87' lang='lat' dir='ltr'>mentis</span> <span class='ocrx_word' id='word_1_22' title='bbox 1047 693 1123 756; x_wconf 85' lang='lat' dir='ltr'>viris</span> 
     </span>
     <span class='ocr_line' id='line_1_5' title="bbox 190 787 1120 869; baseline -0.002 -17"><span class='ocrx_word' id='word_1_23' title='bbox 190 787 394 869; x_wconf 78' lang='lat' dir='ltr'>conpatitur.</span> <span class='ocrx_word' id='word_1_24' title='bbox 411 789 444 850; x_wconf 88' lang='lat' dir='ltr'>Si</span> <span class='ocrx_word' id='word_1_25' title='bbox 460 788 544 850; x_wconf 88' lang='lat' dir='ltr'>enim</span> <span class='ocrx_word' id='word_1_26' title='bbox 561 788 629 868; x_wconf 90' lang='lat' dir='ltr'>ipse</span> <span class='ocrx_word' id='word_1_27' title='bbox 643 789 726 849; x_wconf 85' lang='lat' dir='ltr'>Deus</span> <span class='ocrx_word' id='word_1_28' title='bbox 740 787 820 869; x_wconf 90' lang='lat' dir='ltr'>juris</span> <span class='ocrx_word' id='word_1_29' title='bbox 834 788 987 850; x_wconf 86' lang='lat' dir='ltr'>naturalis</span> <span class='ocrx_word' id='word_1_30' title='bbox 1000 787 1120 865; x_wconf 89' lang='lat' dir='ltr'>auctor,</span> 
     </span>
     <span class='ocr_line' id='line_1_6' title="bbox 146 880 1124 961; baseline -0.002 -16"><span class='ocrx_word' id='word_1_31' title='bbox 146 889 149 896; x_wconf 63' lang='lat'><strong>⁴</strong></span> <span class='ocrx_word' id='word_1_32' title='bbox 191 901 263 945; x_wconf 89' lang='lat' dir='ltr'>eum</span> <span class='ocrx_word' id='word_1_33' title='bbox 281 883 322 943; x_wconf 89' lang='lat' dir='ltr'>sit</span> <span class='ocrx_word' id='word_1_34' title='bbox 335 881 580 961; x_wconf 76' lang='lat' dir='ltr'>perfectissimus</span> <span class='ocrx_word' id='word_1_35' title='bbox 599 899 656 942; x_wconf 87' lang='lat' dir='ltr'>nec</span> <span class='ocrx_word' id='word_1_36' title='bbox 675 887 785 943; x_wconf 71' lang='lat' dir='ltr'>corba</span> <span class='ocrx_word' id='word_1_37' title='bbox 798 880 902 960; x_wconf 78' lang='lat' dir='ltr'>legem</span> <span class='ocrx_word' id='word_1_38' title='bbox 917 884 1042 942; x_wconf 75' lang='lat' dir='ltr'>aeterna</span> <span class='ocrx_word' id='word_1_39' title='bbox 1057 899 1124 943; x_wconf 79' lang='lat' dir='ltr'>sua</span> 
     </span>
     <span class='ocr_line' id='line_1_7' title="bbox 190 973 1121 1058; baseline -0.003 -19"><span class='ocrx_word' id='word_1_40' title='bbox 190 973 351 1058; x_wconf 77' lang='lat' dir='ltr'>sapientia</span> <span class='ocrx_word' id='word_1_41' title='bbox 365 993 459 1055; x_wconf 81' lang='lat' dir='ltr'>agere</span> <span class='ocrx_word' id='word_1_42' title='bbox 469 975 583 1052; x_wconf 88' lang='lat' dir='ltr'>valeat,</span> <span class='ocrx_word' id='word_1_43' title='bbox 590 973 642 1055; x_wconf 88' lang='lat' dir='ltr'>jus</span> <span class='ocrx_word' id='word_1_44' title='bbox 650 973 753 1054; x_wconf 89' lang='lat' dir='ltr'>ipsum</span> <span class='ocrx_word' id='word_1_45' title='bbox 763 992 826 1035; x_wconf 90' lang='lat' dir='ltr'>non</span> <span class='ocrx_word' id='word_1_46' title='bbox 838 977 942 1056; x_wconf 86' lang='lat' dir='ltr'>potest</span> <span class='ocrx_word' id='word_1_47' title='bbox 953 975 1121 1051; x_wconf 86' lang='lat' dir='ltr'>invertere,</span> 
     </span>
     <span class='ocr_line' id='line_1_8' title="bbox 190 1067 1123 1150; baseline 0 -20"><span class='ocrx_word' id='word_1_48' title='bbox 190 1073 308 1150; x_wconf 88' lang='lat' dir='ltr'>quanto</span> <span class='ocrx_word' id='word_1_49' title='bbox 321 1067 428 1130; x_wconf 81' lang='lat' dir='ltr'>minus</span> <span class='ocrx_word' id='word_1_50' title='bbox 447 1067 480 1129; x_wconf 93' lang='lat' dir='ltr'>id</span> <span class='ocrx_word' id='word_1_51' title='bbox 499 1070 648 1147; x_wconf 87' lang='lat' dir='ltr'>poterunt</span> <span class='ocrx_word' id='word_1_52' title='bbox 667 1067 810 1129; x_wconf 88' lang='lat' dir='ltr'>homiues</span> <span class='ocrx_word' id='word_1_53' title='bbox 833 1067 886 1148; x_wconf 89' lang='lat' dir='ltr'>qui</span> <span class='ocrx_word' id='word_1_54' title='bbox 903 1067 967 1148; x_wconf 81' lang='lat' dir='ltr'>juri</span> <span class='ocrx_word' id='word_1_55' title='bbox 988 1069 1123 1130; x_wconf 85' lang='lat' dir='ltr'>naturali</span> 
     </span>
     <span class='ocr_line' id='line_1_9' title="bbox 190 1158 1124 1248; baseline -0.002 -24"><span class='ocrx_word' id='word_1_56' title='bbox 190 1158 379 1225; x_wconf 88' lang='lat' dir='ltr'>subduntur.</span> <span class='ocrx_word' id='word_1_57' title='bbox 407 1163 490 1248; x_wconf 81' lang='lat' dir='ltr'>Ergo</span> <span class='ocrx_word' id='word_1_58' title='bbox 513 1165 626 1223; x_wconf 88' lang='lat' dir='ltr'>neutra</span> <span class='ocrx_word' id='word_1_59' title='bbox 649 1161 819 1223; x_wconf 85' lang='lat' dir='ltr'>auctoritas</span> <span class='ocrx_word' id='word_1_60' title='bbox 839 1161 953 1242; x_wconf 86' lang='lat' dir='ltr'>poterit</span> <span class='ocrx_word' id='word_1_61' title='bbox 978 1162 1124 1222; x_wconf 89' lang='lat' dir='ltr'>ordinare</span> 
     </span>
     <span class='ocr_line' id='line_1_10' title="bbox 189 1254 1123 1336; baseline -0.001 -20"><span class='ocrx_word' id='word_1_62' title='bbox 189 1255 350 1318; x_wconf 90' lang='lat' dir='ltr'>hominem</span> <span class='ocrx_word' id='word_1_63' title='bbox 372 1255 405 1315; x_wconf 91' lang='lat' dir='ltr'>in</span> <span class='ocrx_word' id='word_1_64' title='bbox 421 1255 517 1316; x_wconf 82' lang='lat' dir='ltr'>finem</span> <span class='ocrx_word' id='word_1_65' title='bbox 537 1255 710 1334; x_wconf 80' lang='lat' dir='ltr'>respective</span> <span class='ocrx_word' id='word_1_66' title='bbox 730 1273 832 1332; x_wconf 88' lang='lat' dir='ltr'>suum,</span> <span class='ocrx_word' id='word_1_67' title='bbox 854 1254 1032 1333; x_wconf 87' lang='lat' dir='ltr'>posthabito</span> <span class='ocrx_word' id='word_1_68' title='bbox 1050 1254 1123 1336; x_wconf 90' lang='lat' dir='ltr'>jure</span> 
     </span>
     <span class='ocr_line' id='line_1_11' title="bbox 189 1346 1124 1428; baseline -0.001 -18"><span class='ocrx_word' id='word_1_69' title='bbox 189 1348 336 1426; x_wconf 86' lang='lat' dir='ltr'>naturali,</span> <span class='ocrx_word' id='word_1_70' title='bbox 349 1367 416 1425; x_wconf 85' lang='lat' dir='ltr'>seu,</span> <span class='ocrx_word' id='word_1_71' title='bbox 433 1349 519 1428; x_wconf 84' lang='lat' dir='ltr'>quod</span> <span class='ocrx_word' id='word_1_72' title='bbox 537 1348 622 1409; x_wconf 89' lang='lat' dir='ltr'>idem</span> <span class='ocrx_word' id='word_1_73' title='bbox 638 1351 699 1424; x_wconf 91' lang='lat' dir='ltr'>est,</span> <span class='ocrx_word' id='word_1_74' title='bbox 712 1348 798 1409; x_wconf 87' lang='lat' dir='ltr'>salvo</span> <span class='ocrx_word' id='word_1_75' title='bbox 808 1346 880 1428; x_wconf 88' lang='lat' dir='ltr'>jure</span> <span class='ocrx_word' id='word_1_76' title='bbox 895 1354 1015 1409; x_wconf 77' lang='lat' dir='ltr'>natura</span> <span class='ocrx_word' id='word_1_77' title='bbox 1033 1351 1124 1427; x_wconf 91' lang='lat' dir='ltr'>pote-</span> 
     </span>
     <span class='ocr_line' id='line_1_12' title="bbox 188 1441 1120 1520; baseline -0.002 -16"><span class='ocrx_word' id='word_1_78' title='bbox 188 1445 262 1504; x_wconf 89' lang='lat' dir='ltr'>runt</span> <span class='ocrx_word' id='word_1_79' title='bbox 279 1441 311 1503; x_wconf 91' lang='lat' dir='ltr'>in</span> <span class='ocrx_word' id='word_1_80' title='bbox 328 1442 424 1502; x_wconf 81' lang='lat' dir='ltr'>tinem</span> <span class='ocrx_word' id='word_1_81' title='bbox 444 1441 617 1520; x_wconf 79' lang='lat' dir='ltr'>respective</span> <span class='ocrx_word' id='word_1_82' title='bbox 642 1457 753 1518; x_wconf 86' lang='lat' dir='ltr'>sunm,</span> <span class='ocrx_word' id='word_1_83' title='bbox 781 1441 940 1502; x_wconf 87' lang='lat' dir='ltr'>hominem</span> <span class='ocrx_word' id='word_1_84' title='bbox 955 1441 1120 1502; x_wconf 86' lang='lat' dir='ltr'>ordinare:</span> 
     </span>
     <span class='ocr_line' id='line_1_13' title="bbox 186 1531 1122 1617; baseline -0.003 -21"><span class='ocrx_word' id='word_1_85' title='bbox 186 1534 267 1617; x_wconf 82' lang='lat' dir='ltr'>juris</span> <span class='ocrx_word' id='word_1_86' title='bbox 294 1535 446 1596; x_wconf 87' lang='lat' dir='ltr'>naturalis</span> <span class='ocrx_word' id='word_1_87' title='bbox 472 1533 673 1596; x_wconf 88' lang='lat' dir='ltr'>observantia</span> <span class='ocrx_word' id='word_1_88' title='bbox 701 1531 861 1598; x_wconf 88' lang='lat' dir='ltr'>constituit</span> <span class='ocrx_word' id='word_1_89' title='bbox 885 1533 1015 1596; x_wconf 90' lang='lat' dir='ltr'>limitem</span> <span class='ocrx_word' id='word_1_90' title='bbox 1038 1534 1122 1595; x_wconf 89' lang='lat' dir='ltr'>uude</span> 
     </span>
     <span class='ocr_line' id='line_1_14' title="bbox 189 1626 1121 1708; baseline -0.002 -20"><span class='ocrx_word' id='word_1_91' title='bbox 189 1628 292 1690; x_wconf 88' lang='lat' dir='ltr'>solum</span> <span class='ocrx_word' id='word_1_92' title='bbox 307 1626 366 1687; x_wconf 83' lang='lat' dir='ltr'>sibi</span> <span class='ocrx_word' id='word_1_93' title='bbox 385 1627 481 1688; x_wconf 87' lang='lat' dir='ltr'>liceat</span> <span class='ocrx_word' id='word_1_94' title='bbox 494 1643 604 1706; x_wconf 86' lang='lat' dir='ltr'>agere,</span> <span class='ocrx_word' id='word_1_95' title='bbox 618 1645 674 1687; x_wconf 92' lang='lat' dir='ltr'>seu</span> <span class='ocrx_word' id='word_1_96' title='bbox 689 1626 762 1688; x_wconf 92' lang='lat' dir='ltr'>inde</span> <span class='ocrx_word' id='word_1_97' title='bbox 778 1645 871 1706; x_wconf 86' lang='lat' dir='ltr'>agere</span> <span class='ocrx_word' id='word_1_98' title='bbox 889 1627 1039 1705; x_wconf 88' lang='lat' dir='ltr'>incipient</span> <span class='ocrx_word' id='word_1_99' title='bbox 1049 1626 1121 1708; x_wconf 87' lang='lat' dir='ltr'>jure</span> 
     </span>
     <span class='ocr_line' id='line_1_15' title="bbox 189 1718 754 1802; baseline 0.002 -22"><span class='ocrx_word' id='word_1_100' title='bbox 189 1719 317 1802; x_wconf 87' lang='lat' dir='ltr'>proprio</span> <span class='ocrx_word' id='word_1_101' title='bbox 334 1736 396 1799; x_wconf 90' lang='lat' dir='ltr'>quo</span> <span class='ocrx_word' id='word_1_102' title='bbox 412 1718 526 1782; x_wconf 87' lang='lat' dir='ltr'>desinit</span> <span class='ocrx_word' id='word_1_103' title='bbox 534 1719 587 1801; x_wconf 87' lang='lat' dir='ltr'>jus</span> <span class='ocrx_word' id='word_1_104' title='bbox 599 1721 754 1781; x_wconf 87' lang='lat' dir='ltr'>naturale.</span> 
     </span>
    </p>

    <p class='ocr_par' dir='ltr' id='par_1_3' title="bbox 189 1813 1122 2174">
     <span class='ocr_line' id='line_1_16' title="bbox 231 1813 1122 1896; baseline -0.002 -21"><span class='ocrx_word' id='word_1_105' title='bbox 231 1815 328 1875; x_wconf 90' lang='lat' dir='ltr'>Porro</span> <span class='ocrx_word' id='word_1_106' title='bbox 342 1813 484 1875; x_wconf 85' lang='lat' dir='ltr'>naturale</span> <span class='ocrx_word' id='word_1_107' title='bbox 490 1814 542 1896; x_wconf 84' lang='lat' dir='ltr'>jus</span> <span class='ocrx_word' id='word_1_108' title='bbox 553 1813 696 1893; x_wconf 79' lang='lat' dir='ltr'>praecipit</span> <span class='ocrx_word' id='word_1_109' title='bbox 707 1813 894 1894; x_wconf 86' lang='lat' dir='ltr'>obsequium</span> <span class='ocrx_word' id='word_1_110' title='bbox 906 1813 1020 1875; x_wconf 80' lang='lat' dir='ltr'>divinae</span> <span class='ocrx_word' id='word_1_111' title='bbox 1035 1831 1122 1874; x_wconf 88' lang='lat' dir='ltr'>reve-</span> 
     </span>
     <span class='ocr_line' id='line_1_17' title="bbox 189 1899 1117 1987; baseline -0.003 -19"><span class='ocrx_word' id='word_1_112' title='bbox 189 1899 318 1986; x_wconf 84' lang='lat' dir='ltr'>lationi,</span> <span class='ocrx_word' id='word_1_113' title='bbox 343 1925 399 1968; x_wconf 89' lang='lat' dir='ltr'>seu</span> <span class='ocrx_word' id='word_1_114' title='bbox 424 1905 489 1987; x_wconf 88' lang='lat' dir='ltr'>juri</span> <span class='ocrx_word' id='word_1_115' title='bbox 516 1906 621 1968; x_wconf 89' lang='lat' dir='ltr'>divino</span> <span class='ocrx_word' id='word_1_116' title='bbox 652 1906 785 1985; x_wconf 83' lang='lat' dir='ltr'>positivo</span> <span class='ocrx_word' id='word_1_117' title='bbox 812 1909 843 1968; x_wconf 89' lang='lat' dir='ltr'>et</span> <span class='ocrx_word' id='word_1_118' title='bbox 867 1906 1117 1986; x_wconf 80' lang='lat' dir='ltr'>supernaturali,</span> 
     </span>
     <span class='ocr_line' id='line_1_18' title="bbox 189 1991 1121 2083; baseline -0.002 -21"><span class='ocrx_word' id='word_1_119' title='bbox 189 1991 290 2083; x_wconf 83' lang='lat' dir='ltr'>posito</span> <span class='ocrx_word' id='word_1_120' title='bbox 304 2001 389 2081; x_wconf 88' lang='lat' dir='ltr'>quod</span> <span class='ocrx_word' id='word_1_121' title='bbox 404 2002 468 2062; x_wconf 89' lang='lat' dir='ltr'>Deo</span> <span class='ocrx_word' id='word_1_122' title='bbox 484 1998 638 2081; x_wconf 85' lang='lat' dir='ltr'>placuerit</span> <span class='ocrx_word' id='word_1_123' title='bbox 651 1998 730 2059; x_wconf 92' lang='lat' dir='ltr'>illud</span> <span class='ocrx_word' id='word_1_124' title='bbox 743 1999 904 2074; x_wconf 85' lang='lat' dir='ltr'>revolare;</span> <span class='ocrx_word' id='word_1_125' title='bbox 919 2017 993 2080; x_wconf 78' lang='lat' dir='ltr'>ergo</span> <span class='ocrx_word' id='word_1_126' title='bbox 1009 1999 1121 2062; x_wconf 89' lang='lat' dir='ltr'>eadem</span> 
     </span>
     <span class='ocr_line' id='line_1_19' title="bbox 189 2089 1120 2174; baseline -0.003 -20"><span class='ocrx_word' id='word_1_127' title='bbox 189 2093 376 2156; x_wconf 88' lang='lat' dir='ltr'>necessitate</span> <span class='ocrx_word' id='word_1_128' title='bbox 391 2091 454 2174; x_wconf 81' lang='lat' dir='ltr'>q‘ua</span> <span class='ocrx_word' id='word_1_129' title='bbox 468 2093 556 2154; x_wconf 87' lang='lat' dir='ltr'>nefas</span> <span class='ocrx_word' id='word_1_130' title='bbox 573 2093 620 2153; x_wconf 90' lang='lat' dir='ltr'>est</span> <span class='ocrx_word' id='word_1_131' title='bbox 642 2089 771 2152; x_wconf 89' lang='lat' dir='ltr'>cuilibet</span> <span class='ocrx_word' id='word_1_132' title='bbox 784 2091 930 2154; x_wconf 86' lang='lat' dir='ltr'>humanae</span> <span class='ocrx_word' id='word_1_133' title='bbox 944 2092 1120 2153; x_wconf 79' lang='lat' dir='ltr'>auctoritati</span> 
     </span>
    </p>
   </div>
   <div class='ocr_carea' id='block_1_3' title="bbox 185 2169 1285 2268">
    <p class='ocr_par' dir='ltr' id='par_1_4' title="bbox 185 2169 1285 2268">
     <span class='ocr_line' id='line_1_20' title="bbox 185 2169 1285 2268; baseline -0.004 -20"><span class='ocrx_word' id='word_1_134' title='bbox 185 2186 238 2268; x_wconf 90' lang='lat' dir='ltr'>jus</span> <span class='ocrx_word' id='word_1_135' title='bbox 259 2186 402 2248; x_wconf 89' lang='lat' dir='ltr'>naturale</span> <span class='ocrx_word' id='word_1_136' title='bbox 427 2185 596 2262; x_wconf 89' lang='lat' dir='ltr'>invadere,</span> <span class='ocrx_word' id='word_1_137' title='bbox 616 2183 704 2244; x_wconf 89' lang='lat' dir='ltr'>nefas</span> <span class='ocrx_word' id='word_1_138' title='bbox 720 2185 814 2245; x_wconf 89' lang='lat' dir='ltr'>etiam</span> <span class='ocrx_word' id='word_1_139' title='bbox 834 2187 881 2246; x_wconf 90' lang='lat' dir='ltr'>est</span> <span class='ocrx_word' id='word_1_140' title='bbox 900 2184 1048 2246; x_wconf 88' lang='lat' dir='ltr'>invadere</span> <span class='ocrx_word' id='word_1_141' title='bbox 1067 2183 1120 2265; x_wconf 88' lang='lat' dir='ltr'>jus</span> <span class='ocrx_word' id='word_1_142' title='bbox 1209 2246 1213 2252; x_wconf 76' lang='grc'>,</span> <span class='ocrx_word' id='word_1_143' title='bbox 1284 2169 1285 2186; x_wconf 20' lang='grc' dir='ltr'><strong>ἶ</strong></span> 
     </span>
    </p>
   </div>
   <div class='ocr_carea' id='block_1_4' title="bbox 186 2269 1121 3656">
    <p class='ocr_par' dir='ltr' id='par_1_5' title="bbox 189 2269 1121 2636">
     <span class='ocr_line' id='line_1_21' title="bbox 190 2269 1120 2361; baseline -0.006 -19"><span class='ocrx_word' id='word_1_144' title='bbox 190 2269 335 2342; x_wconf 43' lang='lat' dir='ltr'>divinum*</span> <span class='ocrx_word' id='word_1_145' title='bbox 347 2277 585 2361; x_wconf 85' lang='lat' dir='ltr'>supernaturale</span> <span class='ocrx_word' id='word_1_146' title='bbox 610 2276 642 2337; x_wconf 87' lang='lat' dir='ltr'>in</span> <span class='ocrx_word' id='word_1_147' title='bbox 667 2276 853 2357; x_wconf 88' lang='lat' dir='ltr'>hypothesi:</span> <span class='ocrx_word' id='word_1_148' title='bbox 874 2296 948 2356; x_wconf 82' lang='lat' dir='ltr'>ergo</span> <span class='ocrx_word' id='word_1_149' title='bbox 968 2278 1020 2338; x_wconf 91' lang='lat' dir='ltr'>ubi</span> <span class='ocrx_word' id='word_1_150' title='bbox 1039 2277 1120 2338; x_wconf 91' lang='lat' dir='ltr'>desi-</span> 
     </span>
     <span class='ocr_line' id='line_1_22' title="bbox 190 2369 1120 2452; baseline -0.003 -18"><span class='ocrx_word' id='word_1_151' title='bbox 190 2376 269 2435; x_wconf 89' lang='lat' dir='ltr'>nunt</span> <span class='ocrx_word' id='word_1_152' title='bbox 282 2372 533 2452; x_wconf 85' lang='lat' dir='ltr'>praescriptiones</span> <span class='ocrx_word' id='word_1_153' title='bbox 540 2371 621 2451; x_wconf 89' lang='lat' dir='ltr'>juris</span> <span class='ocrx_word' id='word_1_154' title='bbox 634 2369 730 2431; x_wconf 90' lang='lat' dir='ltr'>divini</span> <span class='ocrx_word' id='word_1_155' title='bbox 743 2371 793 2431; x_wconf 87' lang='lat' dir='ltr'>vel</span> <span class='ocrx_word' id='word_1_156' title='bbox 805 2371 967 2448; x_wconf 89' lang='lat' dir='ltr'>naturalis,</span> <span class='ocrx_word' id='word_1_157' title='bbox 979 2369 1029 2432; x_wconf 89' lang='lat' dir='ltr'>vel</span> <span class='ocrx_word' id='word_1_158' title='bbox 1038 2371 1120 2450; x_wconf 90' lang='lat' dir='ltr'>posi-</span> 
     </span>
     <span class='ocr_line' id='line_1_23' title="bbox 190 2461 1121 2546; baseline -0.003 -19"><span class='ocrx_word' id='word_1_159' title='bbox 190 2465 257 2542; x_wconf 89' lang='lat' dir='ltr'>tivi,</span> <span class='ocrx_word' id='word_1_160' title='bbox 279 2463 321 2526; x_wconf 88' lang='lat' dir='ltr'>ibi</span> <span class='ocrx_word' id='word_1_161' title='bbox 343 2467 465 2527; x_wconf 86' lang='lat' dir='ltr'>tantum</span> <span class='ocrx_word' id='word_1_162' title='bbox 488 2461 634 2546; x_wconf 78' lang='lat' dir='ltr'>qualibet</span> <span class='ocrx_word' id='word_1_163' title='bbox 658 2461 796 2526; x_wconf 88' lang='lat' dir='ltr'>humana</span> <span class='ocrx_word' id='word_1_164' title='bbox 816 2463 984 2526; x_wconf 85' lang='lat' dir='ltr'>auctoritas</span> <span class='ocrx_word' id='word_1_165' title='bbox 1007 2463 1121 2542; x_wconf 89' lang='lat' dir='ltr'>poterit</span> 
     </span>
     <span class='ocr_line' id='line_1_24' title="bbox 189 2547 474 2636; baseline -0.004 -19"><span class='ocrx_word' id='word_1_166' title='bbox 189 2547 326 2636; x_wconf 80' lang='lat' dir='ltr'>incipere</span> <span class='ocrx_word' id='word_1_167' title='bbox 340 2556 474 2636; x_wconf 87' lang='lat' dir='ltr'>operari.</span> 
     </span>
    </p>

    <p class='ocr_par' dir='ltr' id='par_1_6' title="bbox 186 2647 1121 3656">
     <span class='ocr_line' id='line_1_25' title="bbox 230 2647 1120 2728; baseline -0.001 -17"><span class='ocrx_word' id='word_1_168' title='bbox 230 2649 292 2712; x_wconf 89' lang='lat' dir='ltr'>Sed</span> <span class='ocrx_word' id='word_1_169' title='bbox 309 2647 381 2728; x_wconf 85' lang='lat' dir='ltr'>jure</span> <span class='ocrx_word' id='word_1_170' title='bbox 404 2648 538 2727; x_wconf 89' lang='lat' dir='ltr'>positivo</span> <span class='ocrx_word' id='word_1_171' title='bbox 553 2647 658 2711; x_wconf 85' lang='lat' dir='ltr'>divino</span> <span class='ocrx_word' id='word_1_172' title='bbox 679 2649 822 2711; x_wconf 89' lang='lat' dir='ltr'>instituta</span> <span class='ocrx_word' id='word_1_173' title='bbox 841 2656 889 2711; x_wconf 87' lang='lat' dir='ltr'>est</span> <span class='ocrx_word' id='word_1_174' title='bbox 910 2650 1120 2712; x_wconf 88' lang='lat' dir='ltr'>ecclesiastiea</span> 
     </span>
     <span class='ocr_line' id='line_1_26' title="bbox 190 2740 1121 2822; baseline 0.002 -20"><span class='ocrx_word' id='word_1_175' title='bbox 190 2741 359 2804; x_wconf 87' lang='lat' dir='ltr'>auctoritas</span> <span class='ocrx_word' id='word_1_176' title='bbox 369 2747 522 2822; x_wconf 87' lang='lat' dir='ltr'>tanquam</span> <span class='ocrx_word' id='word_1_177' title='bbox 534 2740 631 2802; x_wconf 88' lang='lat' dir='ltr'>divini</span> <span class='ocrx_word' id='word_1_178' title='bbox 642 2741 722 2822; x_wconf 87' lang='lat' dir='ltr'>juris</span> <span class='ocrx_word' id='word_1_179' title='bbox 734 2743 888 2822; x_wconf 86' lang='lat' dir='ltr'>interpres</span> <span class='ocrx_word' id='word_1_180' title='bbox 899 2743 1071 2805; x_wconf 87' lang='lat' dir='ltr'>infallibilis·</span> <span class='ocrx_word' id='word_1_181' title='bbox 1089 2751 1121 2804; x_wconf 93' lang='lat' dir='ltr'>et</span> 
     </span>
     <span class='ocr_line' id='line_1_27' title="bbox 189 2830 1118 2916; baseline 0.002 -20"><span class='ocrx_word' id='word_1_182' title='bbox 189 2830 407 2898; x_wconf 85' lang='lat' dir='ltr'>indefectibilis</span> <span class='ocrx_word' id='word_1_183' title='bbox 417 2833 855 2914; x_wconf 86' lang='lat' dir='ltr'>sapientissimamoderatrix.</span> <span class='ocrx_word' id='word_1_184' title='bbox 863 2837 945 2916; x_wconf 75' lang='lat' dir='ltr'>Ergo</span> <span class='ocrx_word' id='word_1_185' title='bbox 955 2837 1000 2898; x_wconf 89' lang='lat' dir='ltr'>ita</span> <span class='ocrx_word' id='word_1_186' title='bbox 1007 2837 1118 2898; x_wconf 85' lang='lat' dir='ltr'>exinde</span> 
     </span>
     <span class='ocr_line' id='line_1_28' title="bbox 189 2927 1116 3010; baseline -0.003 -18"><span class='ocrx_word' id='word_1_187' title='bbox 189 2931 256 3010; x_wconf 89' lang='lat' dir='ltr'>ipso</span> <span class='ocrx_word' id='word_1_188' title='bbox 266 2928 339 3010; x_wconf 86' lang='lat' dir='ltr'>jure</span> <span class='ocrx_word' id='word_1_189' title='bbox 355 2927 492 2990; x_wconf 90' lang='lat' dir='ltr'>naturali</span> <span class='ocrx_word' id='word_1_190' title='bbox 509 2927 540 2987; x_wconf 91' lang='lat' dir='ltr'>in</span> <span class='ocrx_word' id='word_1_191' title='bbox 560 2928 620 2989; x_wconf 90' lang='lat' dir='ltr'>hoc</span> <span class='ocrx_word' id='word_1_192' title='bbox 635 2927 749 2990; x_wconf 86' lang='lat' dir='ltr'>divinae</span> <span class='ocrx_word' id='word_1_193' title='bbox 764 2928 971 2991; x_wconf 85' lang='lat' dir='ltr'>Providentiae</span> <span class='ocrx_word' id='word_1_194' title='bbox 987 2928 1116 3006; x_wconf 87' lang='lat' dir='ltr'>ordine,</span> 
     </span>
     <span class='ocr_line' id='line_1_29' title="bbox 188 3013 1118 3102; baseline -0.001 -17"><span class='ocrx_word' id='word_1_195' title='bbox 188 3013 263 3085; x_wconf 85' lang='lat' dir='ltr'>tuno</span> <span class='ocrx_word' id='word_1_196' title='bbox 286 3021 415 3101; x_wconf 90' lang='lat' dir='ltr'>incipiet</span> <span class='ocrx_word' id='word_1_197' title='bbox 430 3019 502 3102; x_wconf 85' lang='lat' dir='ltr'>jure</span> <span class='ocrx_word' id='word_1_198' title='bbox 524 3039 580 3082; x_wconf 90' lang='lat' dir='ltr'>suo</span> <span class='ocrx_word' id='word_1_199' title='bbox 602 3021 682 3083; x_wconf 88' lang='lat' dir='ltr'>aetio</span> <span class='ocrx_word' id='word_1_200' title='bbox 707 3021 804 3082; x_wconf 85' lang='lat' dir='ltr'>civilis</span> <span class='ocrx_word' id='word_1_201' title='bbox 830 3022 1023 3085; x_wconf 87' lang='lat' dir='ltr'>auctoritatis</span> <span class='ocrx_word' id='word_1_202' title='bbox 1046 3041 1118 3084; x_wconf 86' lang='lat' dir='ltr'>cum</span> 
     </span>
     <span class='ocr_line' id='line_1_30' title="bbox 189 3111 1117 3195; baseline -0.001 -18"><span class='ocrx_word' id='word_1_203' title='bbox 189 3111 315 3180; x_wconf 89' lang='lat' dir='ltr'>desierit</span> <span class='ocrx_word' id='word_1_204' title='bbox 331 3114 411 3177; x_wconf 88' lang='lat' dir='ltr'>actio</span> <span class='ocrx_word' id='word_1_205' title='bbox 427 3112 588 3193; x_wconf 87' lang='lat' dir='ltr'>potestatis</span> <span class='ocrx_word' id='word_1_206' title='bbox 604 3114 831 3192; x_wconf 78' lang='lat' dir='ltr'>ecclesiastica,</span> <span class='ocrx_word' id='word_1_207' title='bbox 853 3133 919 3192; x_wconf 90' lang='lat' dir='ltr'>seu,</span> <span class='ocrx_word' id='word_1_208' title='bbox 937 3116 1020 3195; x_wconf 89' lang='lat' dir='ltr'>quod</span> <span class='ocrx_word' id='word_1_209' title='bbox 1033 3115 1117 3176; x_wconf 88' lang='lat' dir='ltr'>idem</span> 
     </span>
     <span class='ocr_line' id='line_1_31' title="bbox 189 3205 1118 3288; baseline 0 -20"><span class='ocrx_word' id='word_1_210' title='bbox 189 3213 246 3284; x_wconf 91' lang='lat' dir='ltr'>est,</span> <span class='ocrx_word' id='word_1_211' title='bbox 262 3207 349 3270; x_wconf 89' lang='lat' dir='ltr'>salvo</span> <span class='ocrx_word' id='word_1_212' title='bbox 361 3206 469 3270; x_wconf 88' lang='lat' dir='ltr'>ordine</span> <span class='ocrx_word' id='word_1_213' title='bbox 480 3205 616 3268; x_wconf 87' lang='lat' dir='ltr'>hominis</span> <span class='ocrx_word' id='word_1_214' title='bbox 628 3207 788 3285; x_wconf 80' lang='lat' dir='ltr'>adbeum,</span> <span class='ocrx_word' id='word_1_215' title='bbox 806 3207 846 3268; x_wconf 91' lang='lat' dir='ltr'>ad</span> <span class='ocrx_word' id='word_1_216' title='bbox 853 3207 905 3288; x_wconf 86' lang='lat' dir='ltr'>jus</span> <span class='ocrx_word' id='word_1_217' title='bbox 917 3207 1057 3270; x_wconf 88' lang='lat' dir='ltr'>divinum</span> <span class='ocrx_word' id='word_1_218' title='bbox 1067 3209 1118 3269; x_wconf 89' lang='lat' dir='ltr'>vel</span> 
     </span>
     <span class='ocr_line' id='line_1_32' title="bbox 188 3299 1118 3381; baseline 0.003 -22"><span class='ocrx_word' id='word_1_219' title='bbox 188 3300 350 3377; x_wconf 85' lang='lat' dir='ltr'>naturale,</span> <span class='ocrx_word' id='word_1_220' title='bbox 375 3301 425 3361; x_wconf 93' lang='lat' dir='ltr'>vel</span> <span class='ocrx_word' id='word_1_221' title='bbox 448 3299 636 3381; x_wconf 89' lang='lat' dir='ltr'>positivum,</span> <span class='ocrx_word' id='word_1_222' title='bbox 668 3319 760 3378; x_wconf 87' lang='lat' dir='ltr'>quem</span> <span class='ocrx_word' id='word_1_223' title='bbox 787 3299 880 3362; x_wconf 91' lang='lat' dir='ltr'>debet</span> <span class='ocrx_word' id='word_1_224' title='bbox 908 3301 1118 3363; x_wconf 87' lang='lat' dir='ltr'>ecclesiastiea</span> 
     </span>
     <span class='ocr_line' id='line_1_33' title="bbox 187 3391 1116 3482; baseline 0.003 -31"><span class='ocrx_word' id='word_1_225' title='bbox 187 3392 358 3482; x_wconf 85' lang='lat' dir='ltr'>aucteritas</span> <span class='ocrx_word' id='word_1_226' title='bbox 376 3391 554 3468; x_wconf 89' lang='lat' dir='ltr'>moderari,</span> <span class='ocrx_word' id='word_1_227' title='bbox 574 3393 627 3472; x_wconf 89' lang='lat' dir='ltr'>jus</span> <span class='ocrx_word' id='word_1_228' title='bbox 642 3397 689 3452; x_wconf 90' lang='lat' dir='ltr'>est</span> <span class='ocrx_word' id='word_1_229' title='bbox 703 3392 849 3471; x_wconf 88' lang='lat' dir='ltr'>potestati</span> <span class='ocrx_word' id='word_1_230' title='bbox 862 3393 944 3454; x_wconf 90' lang='lat' dir='ltr'>civili</span> <span class='ocrx_word' id='word_1_231' title='bbox 957 3393 1116 3456; x_wconf 90' lang='lat' dir='ltr'>hominem</span> 
     </span>
     <span class='ocr_line' id='line_1_34' title="bbox 186 3479 1116 3569; baseline 0.006 -26"><span class='ocrx_word' id='word_1_232' title='bbox 186 3479 542 3569; x_wconf 15' lang='lat' dir='ltr'>in‘bonumlreipdblieae</span> <span class='ocrx_word' id='word_1_233' title='bbox 556 3483 712 3544; x_wconf 85' lang='lat' dir='ltr'>ordinare.</span> <span class='ocrx_word' id='word_1_234' title='bbox 728 3483 760 3546; x_wconf 92' lang='lat' dir='ltr'>Si</span> <span class='ocrx_word' id='word_1_235' title='bbox 774 3487 999 3548; x_wconf 84' lang='lat' dir='ltr'>contrafacere</span> <span class='ocrx_word' id='word_1_236' title='bbox 1014 3491 1116 3550; x_wconf 89' lang='lat' dir='ltr'>atten-</span> 
     </span>
     <span class='ocr_line' id='line_1_35' title="bbox 187 3565 1114 3656; baseline 0.004 -18"><span class='ocrx_word' id='word_1_237' title='bbox 187 3565 311 3651; x_wconf 83' lang='lat' dir='ltr'>taverit,</span> <span class='ocrx_word' id='word_1_238' title='bbox 324 3565 450 3656; x_wconf 75' lang='lat' dir='ltr'>praefert</span> <span class='ocrx_word' id='word_1_239' title='bbox 461 3567 579 3634; x_wconf 84' lang='lat' dir='ltr'>bonum</span> <span class='ocrx_word' id='word_1_240' title='bbox 594 3574 773 3656; x_wconf 84' lang='lat' dir='ltr'>reipublioae</span> <span class='ocrx_word' id='word_1_241' title='bbox 787 3578 945 3640; x_wconf 87' lang='lat' dir='ltr'>mandatis</span> <span class='ocrx_word' id='word_1_242' title='bbox 959 3580 1014 3641; x_wconf 87' lang='lat' dir='ltr'>Dei</span> <span class='ocrx_word' id='word_1_243' title='bbox 1026 3625 1034 3656; x_wconf 93' lang='lat'>,</span> <span class='ocrx_word' id='word_1_244' title='bbox 1047 3582 1114 3642; x_wconf 92' lang='lat' dir='ltr'>vio-</span> 
     </span>
    </p>
   </div>
   <div class='ocr_carea' id='block_1_5' title="bbox 0 0 1298 4020">
    <p class='ocr_par' dir='ltr' id='par_1_7' title="bbox 0 0 1298 4020">
     <span class='ocr_line' id='line_1_36' title="bbox 0 0 1298 4020; baseline 0 3"><span class='ocrx_word' id='word_1_245' title='bbox 0 0 1298 4020; x_wconf 95' lang='lat' dir='ltr'> </span> 
     </span>
    </p>
   </div>
  </div>
 </body>
</html>
