2578 4012
167 305 226 366 969
373 317 602 366 rnsrrrurrours
622 319 706 366 rums
727 317 883 366 oauouror.

167 461 307 637 ῗωὶοξΐίω
325 462 519 637 ξιιωυΙεωιίε.
537 463 667 544 (Bened.
690 463 760 526 XIII
781 462 813 526 in
834 466 932 528 coust.
950 463 1099 526 Romame

196 563 259 618 oola
275 573 323 620 aa.

455 677 489 720 iv.
502 685 535 720 ur
548 685 645 720 vicano
657 685 807 721 aramum.

206 811 237 871 l⁰
258 808 400 872 vicariae
420 811 591 890 perpetuus
613 809 692 872 solet
712 808 911 890 potissimum
929 807 1048 871 institui
1063 807 1096 870 iu

165 899 399 984 parochialibus
420 919 491 983 quaa
508 901 692 978 cathedrali,
715 901 890 982 collegiatae
904 902 954 964 vel
972 918 1098 964 monae·

164 993 244 1058 torio
269 994 366 1058 unitor
394 995 611 1077 reperiuntur;
634 993 737 1056 sedin
759 993 958 1058 monasteriis
982 993 1095 1075 quibua

164 1105 287 1150 annexa
306 1091 353 1150 est
371 1105 448 1150 cura
468 1087 656 1167 animarum,
684 1087 820 1150 vicarius
835 1091 1005 1168 perpetuus
1019 1086 1093 1166 poni

164 1180 323 1261 nequitab
333 1179 510 1259 Ordinario,
520 1181 577 1244 sed
587 1184 737 1244 tantuma
747 1180 962 1261 superioribus
972 1198 1091 1244 eorum.

164 1273 223 1354 (lta
234 1274 308 1336 Pius
323 1275 349 1337 V
364 1272 397 1336 in
412 1281 511 1338 const.
527 1272 579 1336 Ad
598 1272 836 1355 exsequendum.)
859 1275 966 1336 Potest
987 1277 1093 1338 tamen

163 1367 340 1448 epiecopus,
364 1366 456 1448 juxta
479 1367 624 1430 eamdem
645 1365 910 1445 constitutionem,
941 1367 1094 1446 deputare

162 1458 314 1522 vicariurn
326 1461 543 1540 temporalem.
555 1459 698 1523 Vicerius
712 1463 882 1540 perpetuus
894 1459 1095 1540 deputandus

164 1555 211 1615 eet
224 1553 266 1614 ad
278 1554 554 1632 praesentationem
566 1554 692 1616 illorum
702 1571 837 1634 quorum
851 1552 990 1614 ecclesia
1004 1570 1095 1634 paro·

164 1645 282 1708 ohioles
296 1649 370 1708 sunt
383 1646 489 1725 unitoe,
507 1665 570 1710 non
584 1650 691 1708 autem
709 1649 757 1708 eet
771 1645 812 1708 ed
824 1645 957 1708 liberam
970 1643 1095 1710 ordina·

162 1737 282 1802 riorum
311 1738 507 1802 electionem.
532 1739 618 1820 (Pius
641 1740 667 1802 V
695 1738 727 1803 in
753 1739 806 1804 cit.
832 1740 944 1816 conat,
965 1742 997 1800 et
1015 1739 1098 1800 Rota

163 1835 202 1894 ⁴0
216 1831 285 1896 deo.
301 1832 404 1913 1696.)
416 1835 536 1896 'lamen
546 1831 708 1898 vicariiilli
717 1831 886 1912 auntpriua
895 1830 1095 1894 examinandi

163 1928 195 1987 et
216 1926 412 2007 approbandi
430 1927 470 1990 ab
494 1928 653 2008 episcopo:
672 1927 716 2008 (S.
737 1928 835 2006 cong.
852 1943 941 1989 conc,
963 1928 1000 1987 93
1012 1923 1094 2006 J'uaii

201 2113 343 2176 Vicerius
366 2111 708 2194 perpetuusparoohiae
731 2111 827 2176 unitae
848 2128 1003 2174 concursu
1027 2127 1092 2172 non

161 2206 330 2285 confertur,
345 2205 402 2268 aed
417 2206 519 2270 selum
534 2206 575 2268 ad
588 2205 834 2269 nominationem
851 2222 908 2266 scu
922 2205 1091 2286 prasenta-

159 2299 277 2362 tionem
291 2299 373 2361 iliius
401 2298 490 2380 cujus
503 2299 649 2380 dignitati
662 2317 718 2360 scu
732 2296 886 2360 beneflcio
899 2294 1089 2377 paroehialis

161 2397 209 2455 est
231 2394 339 2468 unito;
364 2393 564 2473 deputandus
590 2396 648 2471 est,
664 2391 874 2454 instituendus
888 2394 936 2452 est
954 2389 1089 2451 vicarius

161 2505 233 2548 oum
247 2485 404 2547 Ordinorii
416 2485 534 2565 praevio
544 2487 687 2548 examine
700 2483 731 2548 et
741 2481 977 2564 approbatione,
989 2481 1089 2544 utha-

159 2579 253 2640 betur
265 2578 298 2638 in
312 2577 464 2656 praedicta
479 2582 578 2640 const.
591 2578 637 2639 Pii
649 2581 687 2642 V.

199 2672 317 2733 Verum
333 2669 487 2732 sinodum
496 2671 691 2751 exercitium,
708 2669 764 2734 sod
779 2687 855 2731 eura
871 2667 976 2732 totalis
991 2671 1023 2732 et
1033 2667 1090 2730 hn-

158 2763 284 2830 bituolis
299 2763 331 2824 in
350 2761 502 2826 vicarium
516 2765 724 2826 transferetur
741 2762 838 2844 (quod
851 2761 1050 2843 praesumitur
1063 2760 1089 2822 si

160 2876 302 2937 congrua
320 2857 422 2938 portio
447 2848 626 2938 assignatur
641 2857 755 2920 rectori
776 2855 953 2938 principali,
971 2853 1091 2918 coeteris

158 2949 309 3014 fructibus
321 2951 557 3014 remanentibus
567 2968 664 3030 penca
682 2949 859 3030 vicarium),
875 2953 950 3012 tunc
962 2947 1030 3029 ejus
1043 2946 1090 3008 vi·

158 3043 242 3106 cario
265 3061 419 3108 concursu
445 3047 492 3106 oet
516 3042 718 3124 conferendo,
747 3049 783 3106 ut
811 3041 984 3108 declaravit
1009 3041 1090 3104 Ilota

157 3136 252 3200 decis.
268 3141 337 3201 579.

196 3231 227 3290 2⁰
248 3232 283 3292 ln
295 3230 423 3294 arbitrio
435 3233 482 3294 est
496 3229 634 3312 episcopi
643 3231 747 3312 ipsum
761 3228 914 3294 vicarium
926 3245 1010 3292 ourae
1022 3227 1086 3291 oni·

157 3337 291 3400 morum,
309 3343 378 3406 quoe
391 3325 468 3388 elios
481 3325 682 3388 incumbebat
696 3322 842 3406 capitulo,
857 3322 961 3385 facere
976 3340 1085 3404 perpe·

156 3419 256 3490 tuum,
273 3418 493 3479 nonobstante
508 3417 731 3481 consuetudine
747 3414 918 3496 deputandi
933 3415 1085 3478 vicarium

158 3505 199 3566 ad
213 3507 323 3567 nutum
335 3507 463 3585 capituli
476 3509 521 3588 (S.
538 3511 635 3586 cong.
650 3524 738 3572 conc.
749 3512 769 3570 l
782 3511 862 3590 sepi.
880 3507 981 3588 i696),
993 3507 1085 3574 dum-
