2578 4012
180 195 240 258 tlt
401 202 630 254 rusnrurrouns
645 203 728 252 ruurs
751 202 904 252 csuouuu.

180 351 327 414 firmitate
352 354 384 414 et
396 349 581 430 aegritudine
606 348 740 428 corripi,
757 348 1016 430 quotiescumque
1034 348 1121 410 dioe-

181 444 277 506 cesim
289 462 378 506 suam
391 442 576 522 ingreditur,
595 445 626 502 et
640 439 767 502 addenti
782 439 969 518 sanitatem,
984 445 1015 503 et
1028 441 1120 502 vires

181 536 465 614 aliterrecuperere
478 552 542 595 non
553 551 656 612 posse,
668 532 727 594 nisi
739 551 755 594 e
766 532 894 594 dioecesi
906 533 1116 612 egrediendo,

181 635 213 691 et
227 629 268 689 ad
292 628 369 689 alios
390 628 477 689 locos
498 625 707 687 clementioris
731 625 813 688 aeris
828 644 864 686 se
881 626 1116 703 transferendo,

181 719 544 894 ἴουὲθεειιωξυίιώθεεθ
552 737 643 800 posse
655 717 853 783 oresidcutie
861 719 901 781 ad
909 738 964 782 sex
973 738 1114 782 menses·

194 814 237 877 Fe
258 815 368 878 ,tila

416 908 450 947 iv.
466 915 589 948 artocopus
601 915 681 956 Quoto
695 914 874 948 vssins'rtom.

223 1003 253 1062 1⁰
271 999 419 1062 Consulto
434 1001 465 1062 S.
483 997 514 1060 G.
526 1000 559 1062 G.
571 1017 611 1060 an
625 1015 682 1076 pro
698 997 837 1077 generali
846 997 1022 1060 visitatione
1035 998 1117 1058 dice·

183 1092 263 1156 cesis
285 1091 452 1153 indicenda
473 1091 572 1170 possit
586 1091 750 1169 episcopus
766 1108 823 1168 per
842 1109 875 1152 se
893 1091 995 1151 solum
1008 1091 1116 1151 facere

183 1185 286 1248 edicta
299 1183 469 1264 generalia,
481 1183 531 1244 vel
546 1183 650 1263 potius
663 1182 814 1244 adhibere
824 1182 1116 1254 debeatconsilinrn

183 1297 239 1340 seu
254 1276 382 1356 capituli
396 1275 602 1338 consensum?
615 1277 675 1336 Pro
698 1275 875 1337 visitatione
896 1275 1039 1338 diocoesis
1059 1275 1116 1336 de-

184 1374 269 1434 creto
285 1389 311 1434 c.
325 1372 343 1430 3
357 1368 466 1430 concil.
480 1371 529 1446 T„
538 1388 564 1431 s.
577 1371 627 1445 ut,
641 1367 686 1429 Dc
695 1368 802 1447 reson,
814 1368 1013 1452 demandata,
1022 1386 1115 1446 posse

184 1463 367 1544 episcopum
381 1479 479 1540 perse
489 1459 590 1522 solum
600 1462 703 1522 facere
712 1460 815 1522 edicta
823 1461 982 1540 generalia
996 1461 1116 1540 absque

105 1578 106 1582 ¹
185 1553 313 1618 consilio
327 1571 382 1614 seu
403 1570 557 1616 consensu
572 1553 718 1632 capituli,
732 1553 854 1616 censuit
874 1555 906 1617 S.
925 1555 957 1615 C.
975 1553 1111 1615 Oriolen.

185 1649 326 1710 itimart.
345 1647 433 1708 1632.

224 1743 255 1800 2⁰
282 1738 331 1800 Ad
367 1738 617 1818 disquisitionem
644 1744 776 1803 vocatur
815 1741 840 1800 si
869 1740 1023 1820 episcopis
1051 1759 1114 1802 non

186 1833 286 1896 solum
298 1850 355 1912 per
367 1831 495 1912 seipsos,
511 1833 566 1894 sed
582 1851 691 1895 eorum
709 1834 742 1896 in
755 1833 967 1912 spiritualibus
981 1833 1116 1896 vicarios

186 1926 350 2006 generales
363 1943 478 1986 munus
492 1925 677 1988 visitationis
703 1944 849 1988 exercere
870 1927 1115 2004 permittendum

187 2022 278 2094 esset,
295 2021 327 2080 et
339 2019 535 2099 quatenusin
549 2019 690 2081 animum
698 2018 857 2082 inducitur
874 2019 935 2080 hoc
946 2018 990 2080 eis
1005 2019 1113 2096 tribui,

187 2112 274 2174 anah
285 2111 330 2172 ais
343 2111 452 2172 vicarii
462 2112 494 2172 in
502 2111 536 2172 id
547 2112 669 2192 speciali
674 2111 818 2191 facultate
828 2111 859 2172 iu
868 2112 987 2192 seraptis
1000 2112 1116 2174 suffulti
1230 2186 1234 2194 Ι

187 2222 255 2266 esse
269 2204 419 2282 debeant,
445 2204 483 2264 de
504 2203 620 2284 illaque
639 2206 726 2284 prius
742 2223 800 2284 per
820 2204 1001 2266 anthentica
1019 2206 1117 2266 docu-

187 2301 293 2360 menta
305 2297 470 2359 abbatibus
484 2297 718 2376 superioribus,
741 2298 792 2359 vel
809 2316 918 2359 corum
933 2298 1118 2360 officialibus

189 2393 220 2451 et
243 2389 377 2452 subditis
403 2390 519 2475 diurnae
542 2389 600 2450 eibi
617 2390 735 2452 illorum
751 2392 881 2472 exemplo
901 2391 940 2451 de
963 2392 1059 2452 verho
1081 2391 1120 2452 ad

189 2482 320 2544 verbum
335 2501 407 2542 cum
421 2482 564 2560 originali
574 2483 699 2561 collato,
715 2483 810 2544 tidem
824 2485 928 2546 facere
939 2487 1115 2561 teneantur,

190 2576 220 2635 et
242 2573 342 2636 donec
361 2573 445 2636 istud
472 2575 629 2652 fecerent,
646 2593 692 2636 eos
709 2575 865 2637 admittere
885 2576 927 2637 od
942 2576 1118 2638 visitandum

189 2683 321 2727 reamare
333 2664 416 2728 licite
427 2666 567 2745 possint?
577 2667 776 2731 describetur
785 2687 887 2749 posse,
900 2669 958 2730 nisi
973 2688 1117 2748 expressa

190 2758 383 2840 prohibitum
395 2760 445 2837 sit,
460 2763 490 2821 et
500 2759 747 2840 quoadvicarios
764 2780 842 2840 opus
858 2781 926 2823 esse
946 2763 1072 2842 speciali
1085 2762 1117 2823 in

191 2851 314 2931 scriptis
327 2853 491 2930 facultate,
510 2853 611 2932 deque
632 2853 663 2915 in
685 2853 865 2934 hujusmodi
885 2855 981 2916 fidem
1002 2854 1118 2917 facien-

192 2946 265 3010 dam
279 2963 357 3008 esse.
376 2945 459 3025 (Fet.
471 2945 572 3024 4588.)
988 3021 991 3026 ,

231 3041 262 3102 39
277 3040 309 3101 S.
328 3040 361 3100 G.
381 3040 414 3102 G.
440 3039 579 3119 (ua-aua
602 3041 689 3118 trau,
714 3049 743 3102 et
756 3041 817 3103 dec.
842 3042 931 3122 1584)
950 3041 1120 3104 declaravit

192 3133 373 3212 episcopum
387 3150 496 3194 curare
509 3133 636 3210 dehere,
652 3137 686 3194 ut
695 3139 809 3215 quanto
824 3134 914 3196 citius
926 3155 962 3196 se
975 3135 1119 3219 expediat

192 3228 334 3287 asarota
347 3225 523 3288 visitatione
541 3228 580 3288 ad
603 3228 737 3289 formam
755 3245 842 3291 conc.
861 3228 960 3307 Tria,
978 3247 1017 3290 ne
1036 3228 1119 3290 vide-

192 3315 265 3377 licet
274 3317 378 3394 gravis
392 3318 429 3379 iis
440 3338 517 3397 quos
531 3319 714 3394 visitaverit,
726 3319 847 3383 existat.

232 3409 264 3466 4⁰
278 3407 456 3486 Requiritur
466 3413 571 3472 utrum
587 3410 722 3472 visitatio
738 3412 877 3476 ecclesie
895 3415 1118 3476 cathedraliset
