2578 4012
409 274 463 318 na
486 271 677 319 arausicam
699 272 890 320 nlfflcusslls.
1065 262 1123 322 225

193 418 304 498 inspici
315 421 347 481 et
358 417 476 480 attendi
490 417 592 478 forma
603 415 791 496 vicariatus,
809 437 864 479 seu
881 417 1123 482 instrumentum

193 511 420 574 commissionis
442 528 504 590 quo
525 511 594 590 quia
615 509 775 573 institutus
795 511 854 573 fuit
877 511 1012 574 vicarius
1031 531 1125 592 gene·

195 605 269 669 ralis
292 604 363 682 ubi,
389 603 416 666 si
433 603 588 665 habeatur
615 603 706 666 solita
728 604 843 684 apponi
872 605 1012 666 clausula
1030 624 1126 684 gene-

194 698 287 760 ralis:
303 720 317 755 o
339 697 388 759 Ad
406 697 513 758 omnia
532 700 563 759 et
581 697 704 778 singula
723 698 859 759 faciendi
888 701 919 761 et
939 697 1123 776 omittendi,

195 789 316 854 etiamsi
340 789 461 870 majora
487 790 614 868 fuerint,
644 793 675 851 et
700 808 770 869 quae
792 791 977 852 mandatum
1000 790 1126 871 exigant

195 883 330 965 speciale
341 886 435 966 prout
444 883 485 944 ad
497 883 593 963 ipsius
604 882 772 946 vicariatus
780 885 811 946 et
821 883 974 946 officiatus
987 883 1126 944 officium

194 976 335 1040 noscitur
348 975 584 1055 quomodolibet
597 975 766 1056 pertinere,
777 998 792 1034 o
812 978 886 1049 eto.;
898 979 984 1054 tunc,
999 975 1024 1038 si
1044 975 1127 1055 epis-

195 1087 292 1150 copus
306 1073 399 1131 antea
409 1068 562 1132 concessit
573 1069 623 1130 vel
636 1068 788 1148 expressit
801 1069 923 1149 aliquos
943 1088 1035 1131 casus
1057 1088 1126 1149 spe·

197 1162 283 1224 ciale·
303 1162 489 1223 mandatnm
514 1160 730 1242 requirentes,
757 1161 881 1243 adjecta
902 1166 975 1241 post
996 1162 1127 1223 modum

197 1254 281 1316 diota
293 1254 443 1332 clausula,
456 1253 571 1333 poterit
584 1253 720 1316 vicarius
738 1254 833 1317 etiam
853 1255 915 1316 elia
933 1256 1037 1318 facere
1056 1273 1126 1335 quae

196 1347 360 1426 requirunt
386 1346 521 1426 spcoiole
547 1347 751 1426 mandatum,
777 1347 948 1411 dummodo
975 1367 1038 1410 non
1066 1348 1127 1409 sint

196 1439 343 1520 graviora
354 1440 405 1502 vel
419 1438 541 1520 maj0ra
558 1439 722 1518 expressis,
737 1443 831 1520 prout
844 1440 980 1503 insimili
993 1441 1128 1503 hebetur

197 1532 339 1594 decisum
351 1532 457 1611 quoad
468 1535 700 1612 procuratores.

336 1681 372 1721 111.
387 1687 493 1722 vlumus
505 1687 637 1722 omnnem
646 1689 727 1740 ‘cuono
742 1688 813 1722 mus
825 1690 856 1724 rr
869 1689 985 1724 inarum.

237 1800 268 1858 1θ
289 1799 357 1860 Non
371 1801 474 1878 polest
489 1799 614 1880 quando
628 1793 768 1862 celebrat
779 1799 896 1861 hebere
906 1800 985 1862 duos
995 1800 1128 1880 capella·

198 1909 255 1953 nos
269 1890 335 1953 sive
353 1891 494 1968 clericae,
515 1891 567 1971 qui
582 1891 626 1952 illi
641 1910 714 1954 cum
728 1891 818 1955 cottis
836 1891 1009 1954 inserviant
1027 1893 1125 1973 (saer.

198 2002 306 2064 congr.
336 1983 396 2046 Rit.
421 1987 440 2044 'l
462 2002 535 2063 aug.
563 1985 669 2062 luam
694 2002 796 2064 noque
818 1984 851 2046 in
874 1985 965 2046 altari
994 1989 1129 2064 quatuor

199 2076 346 2138 candelas
369 2093 517 2138 accensas
528 2079 652 2154 tenere,
672 2075 730 2138 nisi
746 2077 807 2138 hoc
821 2077 911 2138 fieret
923 2077 955 2138 in
969 2077 1021 2139 illo
1039 2077 1128 2140 altari

199 2172 329 2250 propter
340 2170 569 2232 solemnitatem
580 2169 641 2231 diei
652 2169 734 2256 festi.
750 2168 838 2250 (llad.
854 2188 933 2232 saer.
947 2188 1054 2250 congr.
1065 2170 1126 2233 llil.

199 2267 305 2342 lang.
324 2261 426 2341 1627.)
443 2265 550 2342 Neque
565 2265 669 2343 potest
682 2263 786 2323 facere
807 2262 959 2324 circulum
979 2263 1012 2324 in
1035 2262 1130 2324 missa

199 2355 331 2417 solemni
355 2358 428 2417 ante
451 2354 634 2436 episcopum
656 2373 729 2418 cum
755 2353 912 2417 canonicis
938 2356 979 2417 ed
1004 2355 1128 2434 Gloria,

202 2446 306 2526 Credo,
322 2451 354 2511 et
367 2447 505 2525 Sanctus,
526 2450 585 2510 etc.
612 2448 695 2530 (Sec.
711 2463 801 2528 cong.
817 2447 892 2526 Rit,
912 2449 944 2510 in
964 2450 1127 2524 Munerat,

202 2543 241 2603 28
255 2543 333 2620 sept.
348 2541 450 2620 1530.)

241 2636 348 2715 Neque
362 2635 466 2712 potest
486 2633 713 2714 haldaquinum
740 2634 881 2714 erigere,
901 2634 1030 2698 absente
1049 2635 1131 2715 apia·

202 2743 292 2805 copo,
313 2726 345 2786 in
367 2724 506 2788 ccelesiis
525 2727 687 2805 exemplis,
710 2727 816 2789 invitis
834 2717 1007 2790 monachis.
1028 2727 1128 2808 (Sacr.

202 2819 263 2880 Rit.
295 2836 422 2898 conge,
460 2817 493 2878 in
529 2836 625 2880 causa
655 2820 905 2900 congregationis
941 2820 1128 2896 casinensis,

241 3005 275 3061 2⁰
297 3005 404 3083 Neque
429 3005 543 3085 polest,
566 3004 695 3067 absente
718 3005 768 3066 vel
791 3004 941 3085 impedito
970 3005 1128 3084 episcopo,

202 3094 305 3156 facero
330 3095 504 3178 functiones
523 3095 741 3175 episcopales,
762 3097 817 3158 sed
836 3099 956 3176 spectat
973 3098 1076 3159 facara
1091 3098 1132 3159 ad

203 3187 338 3269 primam
359 3188 543 3268 dignitatem
567 3189 706 3268 capituli,
728 3193 760 3251 el
780 3189 953 3252 successive
978 3191 1018 3252 ad
1041 3190 1128 3254 alios.

203 3281 303 3361 (Saor.
320 3281 380 3344 Rit.
399 3301 489 3362 cong.
506 3283 539 3343 in
554 3283 700 3364 Algaren.
709 3285 741 3345 et
748 3282 996 3346 Brundusinam
1009 3284 1132 3346 dacem-

202 3373 267 3436 hris
279 3376 367 3452 1661,
378 3378 409 3437 ol
418 3376 451 3436 in
461 3376 523 3438 alia
536 3376 734 3439 Brundusina
745 3379 766 3438 6
779 3375 858 3439 febr.
872 3377 960 3456 1611,
974 3381 1007 3440 el
1016 3378 1049 3438 in
1058 3378 1133 3439 Ala-

204 3466 288 3530 trine
297 3469 335 3529 11
346 3466 472 3548 januar.
491 3470 593 3550 1618.)

999 3576 1044 3632 1³⁸
1123 3631 1126 3638 .

1193 3539 1195 3542 ,
1271 3389 1275 3538 l
