2584 4022
503 265 592 318 ¹nu,
610 265 748 314 tumens.
889 313 893 320 ,
1079 255 1123 331 ,85

192 425 263 470 cum
283 407 471 470 beneficium
494 407 601 488 alege
622 409 779 472 indultum
792 427 855 472 non
871 409 911 473 sit
925 409 1017 475 alicui
1038 411 1125 474 aule-

190 501 356 564 rendum„

187 633 193 640 υ
230 595 341 656 XXIII.¹
365 593 509 669 Quomodo
518 595 703 678 producendi
718 603 747 656 et
760 595 923 677 recipiendi
938 596 998 657 sint
1019 604 1121 675 testes,

190 696 220 749 et
237 687 376 770 quomodo
389 689 554 770 puniantur
565 689 750 770 impedientes
765 690 1006 769 productionem
1021 693 1052 754 et
1074 709 1124 752 re-

191 782 367 860 ceptionem
389 783 520 843 ecrum?
543 783 592 844 Ad
606 783 733 844 testium
756 783 894 844 validam
912 781 1124 863 receptionem

191 873 285 936 dehet
303 893 387 954 pars,
410 880 520 938 contra
535 895 629 956 quam
644 876 872 955 producuntur,
890 877 979 938 citari
1003 877 1058 956 (ne
1081 876 1125 937 vi·

191 967 326 1028 deantur
345 969 461 1048 recepti
476 973 597 1032 tantum
618 968 649 1030 in
664 969 806 1030 favorem
821 969 1034 1047 producentis,
1049 968 1125 1042 etin

191 1060 303 1121 odium'
314 1059 441 1122 alterius
456 1062 553 1141 partis
564 1061 725 1141 absentis),
740 1062 784 1124 ita
798 1068 904 1124 tamen
926 1066 961 1124 ut
974 1081 1048 1141 pars
1069 1061 1126 1124 ad-

190 1169 282 1215 versa
301 1153 389 1215 citari
418 1157 541 1216 tantum
566 1156 690 1232 debeat,
710 1155 750 1216 sd
778 1153 932 1216 videndos
953 1160 1049 1218 testes
1071 1155 1124 1235 qui

189 1247 299 1308 contra
323 1264 393 1307 eam
414 1247 641 1326 producuntur,
667 1252 698 1310 et
721 1247 869 1309 articulos
893 1267 988 1326 super
1009 1247 1122 1328 quihus

189 1338 416 1417 producuntur,
438 1359 475 1402 ae
494 1341 652 1402 audienda
667 1359 776 1402 eorum
785 1340 976 1420 juramenta,
998 1359 1060 1404 non
1075 1345 1122 1402 ta-

189 1450 262 1492 men
288 1432 329 1493 sd
349 1434 521 1496 audiendas
536 1447 645 1497 eorum
660 1433 879 1512 depositiones
897 1436 928 1496 et
948 1433 1033 1495 diota
1052 1451 1121 1514 quae

188 1529 308 1587 secreto
319 1529 351 1588 et
359 1526 517 1606 sigillatim
529 1527 660 1607 ajndiee
686 1543 793 1589 coram
809 1526 930 1588 notario
940 1524 1123 1605 recipienda

190 1620 277 1692 sunt3
293 1625 323 1680 et
336 1623 385 1682 est
396 1620 464 1682 haec
477 1621 582 1682 citatio
597 1638 696 1701 usque
711 1620 790 1682 adeo
805 1619 992 1696 necessaria,
1010 1623 1044 1682 ut
1056 1619 1123 1680 nul-

188 1710 249 1773 lius
262 1713 412 1774 momenti
427 1713 489 1775 sint
506 1717 616 1776 contra
630 1732 692 1775 non
705 1713 835 1776 citatum
847 1716 981 1792 receptae
994 1715 1123 1776 atteste-

189 1803 301 1882 tiones,
312 1805 371 1867 nisi
383 1805 481 1886 judex
496 1826 531 1868 ex
545 1807 649 1868 officio
661 1806 812 1886 procedat
822 1825 879 1886 per
889 1805 1123 1887 inquisitionem

190 1899 382 1977 generalem,
412 1903 467 1962 aut
487 1901 661 1980 perieulum
684 1899 724 1962 sit
750 1900 782 1961 in
805 1917 905 1976 mora,
929 1899 979 1960 vel
1002 1898 1123 1960 ratione

190 2009 304 2068 causae,
323 1993 374 2052 vel
387 1993 514 2065 'ratione
543 1993 670 2055 testimn
694 1993 755 2054 alio
781 1993 983 2070 arbitrorum,
1009 1991 1060 2052 vel
1074 2009 1123 2052 ra·
1192 2073 1194 2077 ι

191 2083 275 2146 tione
285 2085 507 2163 probationum
519 2086 596 2148 alias
610 2086 869 2159 amittendarum
886 2090 941 2148 aut
951 2103 1036 2164 pars,
1051 2102 1123 2146 cou-

189 2180 238 2239 tra
255 2196 349 2257 quam
370 2179 587 2258 producuntur
602 2183 708 2256 testes,
726 2198 782 2258 per
803 2197 836 2240 se
855 2179 896 2241 sit
908 2196 1057 2258 praesens,
1080 2177 1123 2238 ita

191 2271 320 2332 utnulla
335 2271 440 2333 citatio
456 2268 632 2334 necessaria
645 2273 694 2334 sit.

232 2363 290 2436 Qui
310 2383 383 2426 vero
403 2368 498 2427 testes
521 2364 696 2444 impediunt
717 2365 883 2444 quominus
913 2363 1123 2425 testimonium

192 2457 377 2535 perhibeant
399 2458 533 2535 veritati,
550 2464 605 2518 aut
628 2476 667 2518 ne
694 2457 909 2536 producantur
923 2463 954 2518 et
972 2455 1124 2535 recipian-

81 2613 84 2620 ,
192 2553 254 2627 tur,
271 2553 344 2612 sunt
358 2551 659 2612 excommunicandi.
672 2551 711 2612 ut
725 2551 749 2612 si
766 2550 819 2631 qui
834 2549 1012 2632 juraverint
1037 2549 1124 2611 testi-

193 2642 333 2704 monium
348 2662 380 2706 se
403 2661 464 2704 non
479 2645 608 2706 daturos
624 2648 732 2706 contra
757 2647 880 2723 partem
892 2643 1041 2723 aliquam,
1064 2643 1124 2703 hoc

190 2735 370 2817 juramento
392 2737 478 2798 velut
502 2737 609 2818 iniquo
632 2756 695 2799 non
719 2737 908 2818 obligantur,
931 2740 962 2798 et
980 2735 1126 2814 compelli

194 2831 324 2907 possunt
338 2829 379 2889 ad
393 2831 634 2908 testificandum,
648 2830 672 2891 si
684 2830 897 2892 attestationes
912 2829 1052 2889 nondum
1064 2827 1126 2888 sint

192 2922 371 3002 publicatae,
386 2940 443 2983 nec
453 2923 665 2984 renuntiatum
677 2921 874 3001 productioni
888 2921 1024 2983 testium.

233 3015 355 3077 Debent
366 3019 472 3077 autem
486 3017 612 3077 testium
627 3015 841 3076 attestationes
855 3012 1039 3091 sumptibus·
1056 3029 1126 3089 pro.-

194 3108 376 3170 ducentium
387 3107 466 3184 fieri,
477 3125 548 3168 oum
561 3107 749 3186 regulariter
758 3111 900 3184 sumptus
912 3105 964 3165 ille
977 3107 1125 3182 praestare

194 3201 318 3277 debeat,
333 3201 365 3261 in
378 3200 467 3282 cujus
481 3200 615 3280 gratiam
626 3203 713 3261 actus
729 3199 914 3261 celebratur.

232 3295 340 3356 XXIV.
365 3293 410 3354 De
430 3294 563 3355 examine
582 3293 708 3354 testium.
732 3291 939 3354 Examinandi
954 3298 1027 3354 sunt
1040 3311 1059 3352 o
1073 3291 1127 3371 ju-

193 3387 267 3464 dice,
290 3387 335 3449 ita
348 3391 453 3448 tamen
468 3391 503 3449 ut
516 3388 613 3467 possit
622 3386 721 3467 judex
739 3404 848 3448 eorum
869 3386 962 3466 longe
985 3385 1125 3449 fortassis

196 3479 383 3557 absentium,
400 3485 531 3542 examen
551 3479 639 3542 alteri
652 3478 857 3556 committere,
870 3483 901 3542 et
915 3479 1125 3560 depositiones
