2586 4020
190 237 248 300 loo
400 249 628 298 rusrrrunonns
647 249 730 298 tuns
752 247 906 298 ornemur.

187 400 331 476 potuero,
349 393 422 476 quie
441 394 656 498 juramentum
679 411 742 455 uon
758 396 806 454 est
793 391 1011 454 tvinoulum
1003 389 1121 472 miqui-

186 487 475 568 tat‘1S‚etqaod
463 492 546 567 juste
568 505 605 548 ao
632 486 715 548 lieite
743 486 811 546 fieri
832 503 894 547 non
916 488 1020 566 potest
1022 501 1119 561 ,non

188 579 302 642 dieitur
325 579 444 640 homini
472 579 630 659 possibile.
660 579 795 656 Tertio,
833 579 860 638 si
891 580 956 639 Deo
991 578 1119 656 plaouo-

187 673 246 747 rit;
271 672 345 752 quia
368 675 432 733 Deo
454 691 514 734 non
534 672 674 752 placent,
694 672 752 732 nisr
745 671 862 732 lioita.
887 673 1015 747 Quarto,
1032 670 1118 731 salvo

182 765 270 846 jure,
299 768 330 826 et
358 765 543 826 auctoritate
566 764 750 844 superioris,
776 781 846 844 qnae
867 763 899 824 in
924 763 1009 824 omni
1033 763 1119 843 jura·

186 863 292 920 mento
302 861 431 936 excepto
445 862 575 936 exeepta
593 858 725 934 videtur,
740 873 811 918 oum
822 857 965 918 subditus
979 856 1120 935 obligare

187 970 220 1012 se
236 969 299 1012 non
317 951 416 1029 possit
434 950 467 1010 in
482 951 701 1031 praejudioium
721 949 916 1012 auctoritatis
935 949 1117 1028 superioris,

187 1043 354 1123 quominus
369 1043 420 1104 bio
442 1043 474 1102 in
490 1042 623 1104 materia
636 1043 694 1105 sibi
718 1041 943 1122 praejudieante
960 1041 1120 1122 juramen-

185 1140 254 1198 tum
278 1134 402 1198 irritare
430 1137 537 1214 possit.
566 1135 690 1213 Quinto,
707 1135 765 1196 nisi
780 1135 807 1196 is
828 1135 859 1195 in
880 1134 968 1215 eujus
985 1135 1120 1213 gratiam

186 1227 237 1290 vel
251 1227 417 1291 utilitatem
423 1228 564 1309 juratum
577 1231 634 1305 est,
645 1227 868 1307 obligationem
880 1227 1030 1306 remittat,
1046 1228 1120 1309 quia

185 1321 283 1383 invito
316 1326 348 1383 et
369 1340 433 1383 non
458 1322 635 1400 aeoeptanti
661 1339 765 1381 meam
784 1321 1036 1399 promissionem,
1065 1325 1121 1382 aut

186 1415 355 1476 remittenti
386 1415 508 1494 (saltem
531 1414 648 1492 tacite),
666 1413 797 1494 obligari
822 1432 884 1475 non
912 1431 1062 1493 possum,
1093 1413 1119 1474 si

185 1511 292 1570 tamen
316 1506 531 1587 principaliter
555 1507 618 1568 tale
642 1506 859 1586 juramentum
884 1505 1120 1585 promissorium

187 1617 249 1660 non
262 1599 302 1660 sit
315 1599 433 1660 laetum
445 1602 522 1675 Deo,
538 1617 600 1678 quo
616 1598 648 1658 in
663 1617 737 1660 oasu
748 1618 785 1660 ox
799 1598 956 1680 probabili
965 1599 1121 1662 sententia

186 1691 293 1768 homo,
312 1691 456 1771 quamvis
471 1691 651 1771 ingratiam
666 1691 763 1770 ipsius
778 1692 874 1753 etiam
887 1691 1005 1753 factum
1019 1693 1059 1754 sit
1071 1693 1122 1774 ju-
1146 1715 1147 1718 ¹

185 1787 375 1862 ramentum,
388 1802 451 1845 non
466 1787 570 1863 potest
584 1784 744 1846 remittere
760 1785 830 1861 hoo,
843 1803 915 1846 eum
925 1804 988 1847 non
1001 1785 1040 1848 sit
1054 1785 1120 1866 ipse

186 1877 464 1956 ouiprinoipaliter
482 1877 664 1957 juramento
677 1877 867 1956 promissum
882 1878 958 1959 quid
982 1883 1048 1956 est,
1066 1879 1121 1940 sed

186 1969 279 2046 Daue,
291 1970 357 2050 qui,
371 1969 514 2050 quamvis
525 1969 743 2049 juramentum
761 1972 910 2049 remittat,
926 1971 955 2032 si
967 1971 1121 2076 principa·

185 2063 258 2125 liter
275 2061 481 2124 bominiillud
498 2063 562 2124 faot
549 2067 616 2124 tum
632 2063 683 2140 sit,
701 2063 796 2125 ethio
808 2064 885 2125 illud
897 2064 989 2126 remit
977 2068 1045 2142 ῖῖθῖ,
1057 2083 1121 2127 non

186 2155 292 2217 remitt
292 2155 432 2218 ttamen
444 2155 708 2218 adremrssronem
717 2157 863 2235 homnis,
872 2177 897 2218 sr
889 2155 1120 2236 principaliter

160 2239 165 2302 Ῐ
186 2247 245 2310 sibi
259 2247 438 2331 juramento
455 2250 645 2330 promissum
667 2249 785 2328 quid
762 2253 803 2312 srt
804 2296 811 2311 .
789 2252 909 2312 ttSex
897 2253 929 2312 to
946 2250 1120 2313 subintelli-

186 2342 271 2422 gitur
288 2342 320 2403 in
336 2343 446 2422 quovis
455 2343 646 2424 juramento,
665 2343 759 2404 etiam
779 2343 847 2404 baeo
861 2343 1009 2421 conditio,
1026 2343 1051 2404 si
1068 2361 1118 2404 res

187 2453 250 2495 non
261 2435 377 2497 fuerint
391 2437 572 2498 notabiliter
583 2439 730 2510 mutatae3
744 2438 846 2515 potest
855 2436 939 2496 enim
952 2455 1018 2498 esse
1032 2439 1120 2499 tanta

187 2527 335 2602 mutatio,
353 2531 388 2588 ut
404 2528 572 2588 verisimile
587 2547 648 2590 non
665 2528 720 2605 sit,
735 2528 869 2590 voluisse
882 2529 1118 2611 subjuramenti

189 2617 379 2707 obligatione
404 2637 471 2679 rem
502 2620 597 2682 etiam
621 2620 725 2683 taliter
753 2623 908 2684 mutatam
930 2622 1114 2701 intelligere.

189 2709 340 2788 Septimo,
360 2711 391 2771 in
406 2712 566 2791 reciproco
591 2718 682 2793 pacto
698 2718 752 2776 aut
769 2719 948 2792 contractu,
971 2732 1009 2776 ea
1023 2715 1117 2776 etiam

189 2802 326 2865 conditio
349 2803 543 2884 intelligitur,
565 2805 590 2867 si
605 2807 704 2886 pactis
727 2806 790 2868 suis
814 2810 846 2868 et
865 2807 1026 2888 promissis
1039 2808 1118 2870 alter

188 2895 319 2974 steterit,
332 2915 369 2958 ae
383 2896 479 2958 fidem
490 2899 662 2962 servaverit
674 2920 681 2974 ;
697 2900 893 2980 nequeenim
908 2901 1005 2963 fidem
1017 2901 1116 2962 debeo

189 2989 231 3052 illi
251 2989 306 3074 qui
323 2989 439 3073 frangit
449 2990 556 3057 fidem.
