2584 4022
439 339 441 342 -
531 307 570 354 nn
591 309 736 356 rumoris..
1062 294 1100 356 89

171 407 262 518 ducti
282 461 313 516 et
326 453 444 534 recepti
458 453 574 515 fuerint
584 455 680 515 testes
692 459 765 514 ante
779 452 865 515 litem
877 455 1099 526 contestatam

172 548 256 628 quod
269 547 398 621 admissi
422 547 540 608 fuerint
554 549 643 625 parte
657 565 719 606 non
732 546 842 620 citata3
860 546 945 626 quod
956 549 1028 626 post
1041 551 1104 610 ter·
1220 611 1223 615 ,

128 653 130 657 ’
170 641 247 702 tiam
267 639 506 719 productionem
532 639 648 718 recepti
672 639 798 716 tuerint,
827 639 893 700 sine
908 638 1103 702 solemnitate

170 733 281 812 legali3
296 733 381 812 qued
399 732 517 810 recepti
537 731 653 792 fuerint
672 735 743 810 post
761 738 909 812 percepta
920 731 1101 804 testificata3

159 826 257 906 ,quod
270 825 388 904 recepti
401 825 518 886 fuerint
532 828 602 904 post
617 825 850 886 conclusionem
869 824 901 885 in
921 843 1026 900 causa,
1052 828 1106 886 aut

112 927 113 930 ’
171 923 242 998 post
258 919 523 980 renuntiationem
538 916 695 980 ulterioris
710 917 939 998 productionis3
958 917 1105 997 quadre-

172 1011 254 1092 cepti
266 1011 328 1072 sint
340 1011 508 1091 non'jurati
519 1011 623 1088 simul,
640 1030 678 1071 ac
691 1029 753 1072 non
768 1029 922 1087 seorsum,
937 1013 968 1072 et
979 1011 1102 1088 secreti,

172 1111 203 1166 et
221 1104 384 1183 dequibus
398 1103 621 1184 omnibusjam
637 1103 783 1165 actumin
796 1103 1019 1183 superioribus
1034 1104 1067 1166 h.
1078 1107 1101 1166 t.

172 1197 288 1273 Tertio,
304 1195 403 1276 excipi
418 1199 521 1276 potest
536 1200 646 1266 contra
659 1196 728 1275 ipsa
747 1196 876 1258 testium
891 1197 986 1274 dicta,
1009 1199 1040 1258 et
1053 1197 1105 1258 de·

173 1289 353 1369 positiones,
370 1295 401 1350 et
421 1289 549 1369 quidem
566 1289 661 1349 variis
675 1289 790 1366 modis,
813 1292 907 1367 prout
928 1289 1042 1351 iterum
1068 1307 1105 1348 ex

173 1382 265 1443 dictis
280 1385 375 1461 patet.
474 1427 477 1432 -
549 1403 551 1408 ·

213 1476 344 1549 Quando
359 1477 465 1536 autem
480 1473 698 1554 excipiendum
717 1474 767 1552 sit,
789 1475 814 1536 si
830 1475 1010 1555 quaeratur?
1032 1477 1106 1537 Res·

175 1569 331 1647 pendetur
344 1568 457 1650 primo,
484 1574 591 1629 contra
611 1587 761 1647 personas
776 1567 903 1632 testium
916 1567 1031 1646 opponi
1052 1568 1107 1629 de-

175 1662 251 1723 bent
264 1661 450 1740 regulariter
461 1661 670 1742 exceptiones,
687 1661 871 1742 priusquam
891 1679 1000 1722 eorum
1012 1664 1107 1723 attes-

174 1754 308 1816 tationes
323 1759 395 1816 sunt
412 1753 578 1834 publicatas
595 1754 646 1834 (ne
660 1754 826 1816 videantur
852 1773 890 1814 ex
918 1753 991 1815 odio
1006 1755 1106 1834 magis

175 1849 329 1910 factarum
338 1848 572 1910 attestationum
582 1847 768 1928 reprobari),
780 1848 941 1910 itatamen
950 1851 986 1908 ut
996 1865 1015 1908 a
1025 1865 1108 1909 com-

174 1941 261 2002 muni
276 1943 460 2020 regulatres
471 1941 717 2022 casusercipiat.
740 1957 744 1963 “

216 2035 320 2096 Primo
344 2035 472 2112 scilicet,
498 2035 523 2096 si
546 2033 703 2113 excipiens
717 2038 788 2114 post
801 2033 1047 2114 publicationem
1062 2038 1109 2096 at-

172 2127 375 2197 testationum
399 2127 495 2208 juret,
528 2128 612 2208 quod
644 2127 798 2190 malitiose
825 2146 888 2188 non
921 2131 996 2207 agat
1025 2127 1110 2190 exci-

175 2220 301 2300 piendo.
320 2221 475 2298 Secundo,
492 2221 518 2281 si
533 2221 644 2282 citatus
656 2221 855 2282 adversarius
878 2221 918 2281 ad
938 2221 1109 2282 videndum

175 2316 270 2375 testes
287 2317 396 2375 contra
419 2331 452 2374 se
467 2313 636 2392 productos
652 2331 725 2376 oum
737 2312 961 2392 protestatione
988 2312 1045 2372 sibi
1061 2331 1110 2372 re-

176 2406 312 2468 servavit
338 2407 519 2472 facultatem
545 2405 720 2484 excipiendi
742 2411 852 2465 contra
872 2422 982 2466 eorum
1003 2423 1110 2485 perso-

175 2518 242 2562 nas.
270 2500 386 2576 tertie,
409 2499 434 2560 si
457 2499 638 2579 probaverit
663 2497 786 2578 (saltem
815 2517 872 2578 per
891 2497 1109 2578 juramentum
1187 2501 1189 2505 '

150 2641 153 2648 .
175 2592 347 2673 proprium)
365 2592 449 2672 quod
465 2611 512 2669 ca,
531 2611 601 2671 qua
618 2609 775 2670 opponere
795 2592 863 2653 vult
879 2595 989 2654 contra
1000 2594 1107 2668 testes,
1215 2585 1221 2596 '

175 2688 247 2764 post
269 2684 444 2764 publicatas
463 2685 678 2748 attestationes
700 2685 838 2766 primum
850 2685 1005 2747 didicerit.
1035 2686 1109 2757 Quae

170 2781 282 2839 tamen
295 2778 400 2838 omnia
410 2776 543 2856 intelligi
557 2776 672 2838 debent
682 2777 721 2837 dc
734 2778 865 2838 testibus
876 2796 939 2841 non
955 2778 1108 2852 absolute,

177 2876 208 2932 et
221 2870 403 2951 simpliciter
425 2869 626 2948 inhabilibus,
641 2874 751 2931 contra
766 2889 844 2950 quos
859 2889 994 2950 semper,
1013 2871 1108 2931 etiam

176 2967 246 3044 post
260 2963 433 3043 publicatas
446 2963 671 3039 attestationes,
688 2963 788 3042 excipi
801 2966 914 3041 potest,
927 2963 984 3023 sed
997 2962 1037 3046 de
1050 2964 1109 3022 tes-

177 3057 259 3118 tibus
280 3056 454 3118 seeundum
480 3056 555 3135 quid
571 3054 774 3132 inhabilibuS‚
791 3073 925 3134 quorum
942 3052 1111 3133 depositio-

177 3168 232 3210 nes
243 3149 375 3211 subinde
391 3149 608 3210 admittuntur.

172 3291 175 3298 .
216 3245 324 3304 Testes
338 3243 483 3322 producti
497 3242 537 3303 ad
553 3241 751 3322 probandam
775 3240 990 3320 exceptionem
1001 3239 1109 3303 dilato·

179 3337 259 3398 riam
279 3340 420 3414 tantum,
448 3355 543 3417 quam
563 3355 634 3397 rcus
657 3338 768 3398 contra
788 3339 927 3398 actorem
949 3335 1106 3415 proponit,

179 3429 372 3510 nonpossint
383 3429 464 3510 cogi,
485 3448 542 3492 nec
557 3428 678 3491 admitti
698 3429 814 3492 debent
838 3429 878 3490 ad
897 3428 1109 3492 testimonium

89 3569 91 3573 -
178 3523 344 3586 ferendum
357 3541 453 3602 super
468 3541 563 3585 eausa
576 3523 753 3603 principali,
769 3541 841 3586 oum
852 3526 974 3586 tantum
985 3521 1110 3602 jurave-
