2584 4022
544 289 583 334 nn
603 287 741 336 tuotone.
1059 273 1099 336 oo

170 429 319 512 pondeat,
337 428 362 491 si
377 447 441 492 non
453 429 588 510 probent
615 429 751 511 allegata
770 431 960 512 etdeduota,
976 432 1027 494 vel
1038 451 1101 496 non

170 526 303 606 pareant
325 523 483 585 mandatis
502 523 648 604 judicum
669 524 800 602 inillis,
826 543 896 604 quoe
918 526 960 588 ad
975 543 1103 588 causam

171 617 346 698 pertinent,
365 616 391 676 si
413 616 604 678 executionis
621 617 782 680 sententiae
807 622 1001 697 repugnent,
1025 622 1099 696 eto,

172 709 285 790 quibus
303 709 337 768 in
354 708 479 770 casibus
498 709 539 770 ad
554 709 735 771 instantiam
752 711 974 790 partis‘contrs
995 713 1103 773 contu·

171 801 306 862 maclam
320 799 448 880 procedi
463 805 566 880 potest
575 821 593 863 a
600 802 719 882 judice.

212 897 249 956 ll.
270 893 415 968 Quomodo
427 893 643 975 procedendum
657 895 697 958 sit
713 899 823 958 eontra
840 900 979 958 actorem
994 898 1103 958 contu-

172 1005 295 1049 macem
305 987 319 1047 l
331 987 364 1049 Si
379 991 466 1049 actor
479 991 551 1066 post
566 988 705 1050 oblatum
723 988 863 1050 libellum
878 989 1104 1075 contumaciter

175 1080 275 1156 obsit,
293 1082 325 1140 et
346 1079 485 1158 legitime
501 1070 612 1142 citatus
627 1099 690 1144 non
710 1086 911 1162 compareat,
928 1082 969 1142 ad
983 1085 1103 1144 contes-

174 1173 304 1234 tandam
324 1175 360 1233 ct
379 1173 631 1252 prosequendam
643 1174 741 1251 litem,
755 1178 859 1253 potest
868 1174 967 1256 judex
981 1175 1103 1254 dejure

175 1261 324 1326 canonico
339 1263 505 1344 (quidquid
517 1265 557 1326 sit
569 1265 608 1325 dc
618 1265 689 1344 jure
698 1266 794 1343 civili,
806 1267 896 1346 juxto
907 1265 1104 1346 quodplnres

175 1357 355 1432 dilationes,
372 1360 403 1418 et
424 1375 524 1418 annus
538 1358 661 1436 integer
684 1359 782 1420 actori
802 1360 843 1419 ad
858 1359 1103 1437 comparendum

175 1449 355 1528 indulgetur
367 1452 439 1514 ante
449 1450 536 1510 litem
547 1450 902 1530 contestatam),anditis
924 1456 956 1511 ct
968 1449 1104 1529 receptis

174 1539 305 1604 testibus
318 1541 365 1602 rei
380 1541 557 1620 prasentia
575 1546 606 1604 et
626 1542 686 1604 hoc
701 1543 853 1622 petentis,
870 1544 896 1604 si
911 1561 1008 1606 causa
1022 1542 1104 1603 illius

175 1635 233 1696 rite
249 1635 382 1713 probata
393 1635 506 1712 fucrit,
526 1635 566 1696 ad
587 1637 774 1698 sententiam
789 1636 982 1698 definitivam
996 1653 1104 1716 procc-

176 1726 261 1804 dere,
277 1727 328 1788 vel
340 1727 366 1787 si
388 1727 427 1788 de
439 1745 536 1788 censa
555 1728 600 1788 rei
615 1747 679 1790 non
693 1728 827 1808 liqueat,
845 1729 1008 1792 absolvere
1021 1729 1105 1790 hunc

176 1820 217 1882 ub
242 1818 302 1880 hac
316 1819 479 1898 instantia,
496 1839 535 1880 ne
555 1820 672 1884 scilicet
693 1840 732 1884 ex
746 1821 944 1884 contumacia
958 1839 1015 1883 sua
1035 1824 1107 1899 post

174 1911 263 1974 litem
283 1915 409 1990 coptam
432 1913 633 1974 commodum
653 1913 780 1994 aliquod
799 1913 916 1976 habeat
938 1916 1106 1974 contumax

175 2007 281 2082 actor,
306 2005 359 2083 qui
373 2023 445 2066 eum
460 2006 500 2067 ed
514 2006 602 2069 litem
614 2006 848 2086 provocaverit,
865 2006 976 2068 merito
997 2009 1106 2068 eontra

175 2115 208 2158 sc
222 2096 287 2176 peti
307 2097 402 2160 debet
417 2098 462 2158 rei
477 2099 699 2178 probationes,
716 2101 749 2161 et
758 2097 874 2180 judicis
896 2099 1103 2175 sententiam,

175 2207 247 2251 cum
259 2193 365 2251 tamen
380 2190 440 2252 hoc
455 2191 494 2252 de
509 2210 575 2268 reo,
592 2191 646 2272 qui
662 2191 779 2253 invitus
792 2192 834 2252 ad
847 2192 934 2254 litem
947 2192 1103 2267 trahitur,

176 2282 319 2362 quemvis
334 2284 560 2352 contumaciter
574 2283 665 2360 absit,
683 2283 744 2344 dici
759 2302 823 2344 non
833 2283 940 2360 possit.

215 2375 549 2456 Concediturqnidem
567 2375 666 2436 actori
690 2374 716 2434 si
742 2377 813 2452 post
835 2373 1005 2434 terminum
1031 2373 1106 2434 cite·

175 2467 280 2546 tinnio,
297 2469 338 2530 ad
353 2487 447 2550 quem
457 2487 546 2530 reum
561 2468 671 2530 adesse
681 2462 790 2545 volni't,
807 2469 839 2530 et
853 2465 1028 2545 comparuit
1042 2465 1104 2544 hic,

176 2564 281 2623 actore
302 2580 365 2623 non
384 2565 587 2641 comparente
610 2563 772 2642 appareat,
790 2561 874 2642 quod
888 2577 978 2622 reum
992 2559 1105 2622 iterum

175 2653 272 2715 citare
287 2655 366 2716 velle
380 2655 497 2734 possit,
514 2674 577 2718 nou
612 2655 680 2717 vult
697 2657 803 2718 tamen
825 2653 1016 2717 audiendum
1035 2671 1107 2715 eum

167 2747 326 2826 pontifex,
338 2746 398 2809 nisi
410 2748 497 2828 prius
510 2748 668 2828 legitimas
683 2767 847 2828 expensos,
867 2766 945 2827 quae
958 2746 1106 2808 edversa-

177 2839 242 2900 rius
257 2839 297 2901 ob
313 2840 380 2921 ejus
401 2840 576 2904 absentiam
593 2841 697 2902 facere
717 2841 843 2918 debuit,
858 2840 973 2916 solvat,
988 2843 1020 2902 et
1034 2857 1106 2900 oan-

177 2931 294 2994 tionem
307 2933 513 2995 sufficientem
526 2938 671 3014 praestet,
690 2934 775 3013 quod
792 2934 825 2994 in
842 2933 976 2994 termino
992 2929 1108 2992 consti-

177 3029 244 3088 tuto
266 3025 306 3088 sit
327 3028 571 3107 comparitnrus,
593 3043 665 3088 cum
685 3043 759 3104 pars
783 3025 932 3086 innocens
956 3023 1107 3083 damnum

178 3117 243 3197 pati
258 3137 321 3180 nou
334 3119 448 3182 debeat
456 3122 585 3198 propter
597 3117 724 3180 alterius
734 3116 896 3193 malitiam,
909 3133 1011 3195 neque
1021 3115 1107 3177 credi

178 3211 276 3288 possit
303 3212 347 3273 illi
362 3213 428 3278 sine
443 3213 588 3274 cautione
602 3209 786 3288 sufficiente,
800 3209 852 3291 qui
868 3209 965 3270 semel
978 3208 1011 3270 in
1021 3227 1107 3272 com-

177 3305 318 3382 parendo
332 3305 506 3368 malitiosus
518 3305 586 3367 fuit.

218 3398 270 3460 Ill.
292 3400 453 3472 Quomodo
468 3399 703 3479 procedendum
719 3397 758 3460 sit
772 3399 883 3460 contra
896 3413 986 3460 reum
1000 3399 1073 3460 cont
1095 3431 1107 3442 ·

180 3507 313 3569 macem,
327 3495 467 3573 spectato
480 3491 639 3574 praecipue
648 3490 719 3571 jore
730 3490 941 3559 canonicor&
953 3509 1026 3554 reus
1037 3492 1109 3570 post
