2584 4022
571 279 609 324 nn
629 281 767 328 runicus.
1095 269 1134 329 lli

186 441 189 444 ·
205 425 432 504 protensione,
448 429 526 502 eta,
545 443 596 488 res
611 427 717 508 aliqua
728 425 881 508 possideri
896 425 1080 504 inchoatur,
1102 433 1134 490 et

205 519 328 582 dicitur.
344 517 462 580 Dicitur
470 520 608 582 secundo
623 520 669 581 rei
681 520 850 600 corporalis
866 513 1140 600 :incorporalium

204 613 288 675 enim
301 613 417 690 rerum,
433 612 477 674 uti
492 616 566 675 sunt
576 613 650 694 jura
667 613 793 694 proprie
805 602 1051 694 juxta'juristaa
1068 632 1131 676 uon

204 709 251 768 est
277 705 452 786 possessio,
478 705 531 768 sed
557 710 678 769 tantum
703 706 791 786 quasi
819 705 984 786 possessio.
1013 705 1132 768 Dicitur

204 799 296 861 tertio
321 799 461 878 eorporis
482 801 514 860 et
534 799 630 860 animi
656 797 863 875 adminiculo,
895 798 1034 861 scilicet:
1058 798 1132 860 lieet

202 891 286 952 enim
309 892 349 953 ad
373 891 618 954 continuandam
647 909 873 972 nonnunquam
900 891 1130 971 possessionem

201 1003 263 1045 non
287 984 466 1065 requiratur
480 985 652 1064 corporalis
674 985 830 1063 detentio,
847 985 889 1048 ad
904 985 1129 1066 acquirendam

199 1081 316 1154 tamen,
325 1081 356 1138 et
364 1078 574 1139 inchoandam
586 1078 827 1156 possessionem,
842 1079 983 1158 corporis
995 1081 1026 1140 et
1033 1077 1128 1140 animi

199 1169 423 1234 adminiculum
445 1171 623 1251 requiritur,
645 1175 677 1232 et
699 1172 833 1234 alterum
856 1172 924 1233 siue
942 1171 1041 1234 altero
1065 1189 1128 1233 uon

198 1262 322 1326 sufficit.
339 1264 457 1326 Dicitur
478 1267 589 1345 quarto
616 1264 698 1345 juris
719 1264 906 1325 adminiculo
925 1283 931 1326 :
948 1282 1012 1325 noo
1044 1265 1137 1342 quod·
1177 1257 1180 1264 ’

199 1356 299 1418 omnis
314 1356 468 1435 possessio
479 1357 565 1438 J'usta
579 1357 628 1435 sit,
645 1356 702 1418 sed
717 1357 801 1436 quod
811 1357 863 1437 jus
875 1357 929 1418 teli
939 1346 1127 1435 possessioni

197 1467 259 1511 nou
281 1450 406 1512 resistat
425 1450 577 1530 positive,
594 1449 684 1512 sicuti
702 1449 836 1528 resistit,
854 1467 916 1530 quo
938 1448 1041 1511 minus
1055 1447 1126 1510 laici

196 1559 246 1602 res
261 1541 437 1622 spirituales
450 1543 640 1624 possideant.

238 1634 393 1698 Dividitur
405 1639 509 1698 autem
524 1637 679 1718 possessio
693 1637 890 1718 potissimum
904 1637 936 1698 in
957 1636 1081 1698 civilem
1096 1643 1127 1700 et

196 1729 389 1803 naturalem
407 1729 475 1792 haec
491 1731 663 1810 corporalis
677 1731 832 1812 possessio
846 1733 903 1808 est,
920 1731 945 1791 si
960 1728 1000 1794 sit
1013 1749 1032 1790 a
1043 1730 1125 1792 civili

196 1820 348 1902 sejuncta,
365 1841 441 1884 casu
455 1843 527 1903 quo,
537 1845 567 1886 v.
585 1843 647 1904 gr„
661 1844 742 1886 uuus
755 1843 823 1885 rem
836 1824 974 1905 aliquam
988 1827 1023 1884 ut
1036 1841 1125 1884 suam

196 1913 335 1994 possidet
348 1915 380 1976 in
401 1917 544 1978 absentia
558 1918 702 1996 alterius,
723 1918 776 1997 qui
787 1919 894 1980 tamen
909 1933 1041 1996 corpore
1056 1916 1126 1997 qui·

195 2007 268 2068 dem
287 2007 399 2072 absens
423 2013 490 2087 est,
515 2011 625 2072 animo
643 2017 750 2073 tamen
771 2027 840 2072 rem
861 2027 950 2072 suam
964 2009 1132 2089 possidere.

194 2099 318 2180 pergit,
336 2105 366 2161 et
380 2101 434 2163 illa
448 2102 472 2163 si
489 2122 507 2163 a
522 2104 656 2172 naturali
672 2105 813 2186 sejuncto
828 2110 894 2182 est,
917 2104 983 2166 solo
1002 2102 1122 2181 animo,

195 2192 313 2273 absque
325 2196 480 2274 corporali
493 2197 671 2260 detentione
688 2198 851 2272 retinetur,
866 2197 899 2255 in
910 2213 997 2273 casu,
1012 2198 1042 2256 vL
1059 2213 1120 2274 gn,

195 2304 257 2364 quo
271 2287 339 2368 quis
352 2305 371 2347 a
385 2289 480 2348 rebus
495 2289 560 2350 suis
578 2289 692 2352 absens
707 2291 770 2366 est,
788 2305 847 2348 nee
861 2305 919 2364 per
930 2305 975 2362 se,
993 2305 1051 2348 nec
1066 2303 1124 2365 per

195 2378 291 2439 alium
306 2399 437 2459 corpore
454 2401 505 2442 res
519 2381 588 2442 illas
608 2380 743 2458 detinet,
767 2379 907 2441 animum
921 2381 1027 2440 tamen
1042 2397 1122 2437 nun-

193 2489 288 2552 quam
309 2471 423 2553 abjecit
445 2491 495 2534 res
519 2492 572 2534 eas
587 2473 787 2553 possidendi,
813 2473 872 2533 etc.
893 2469 1122 2532 Perfectissima

192 2565 347 2642 possessio
363 2569 419 2642 est,
432 2583 502 2645 quae
513 2570 681 2649 utrumque
693 2565 865 2648 conjungit,
877 2567 971 2646 prout
983 2563 1122 2644 loquitur

191 2655 395 2734 possessionis
407 2653 560 2722 definitio.
578 2663 656 2723 Sunt
677 2660 804 2741 quidem
819 2663 851 2721 et
868 2659 937 2720 aliae
953 2656 1121 2720 divisiones

193 2749 396 2826 possessionis
413 2772 420 2812 τ
436 2751 479 2812 sio
504 2754 564 2814 alia
576 2754 676 2834 justa,
703 2754 764 2815 alia
778 2752 893 2832 injusta
913 2751 1041 2823 dicitur;
1059 2750 1121 2810 alia

192 2840 293 2919 bonae,
311 2843 373 2904 alia
384 2845 475 2906 malae
490 2847 578 2920 fidei3
601 2847 661 2906 alia
680 2863 767 2922 vera,
784 2844 845 2906 alia
859 2844 997 2906 colorata
1013 2846 1043 2902 et
1064 2861 1120 2919 ap-

191 2953 320 3012 parens,
336 2937 396 2997 alia
406 2938 553 3017 violenta,
564 2939 624 3000 alia
634 2938 837 3014 clandestina,
850 2940 921 3012 eta,
934 2951 1003 3015 quae
1013 2937 1119 2992 tamen

192 3026 379 3106 divisiones,
397 3030 470 3112 quia
493 3031 566 3093 alibi
591 3030 798 3110 explicantur,
824 3030 875 3089 vel
893 3045 949 3105 per
968 3043 1001 3084 se
1025 3024 1118 3084 clarae

192 3124 274 3196 sunt,
287 3121 468 3184 ulteriorem
484 3123 728 3186 declarationem
743 3140 806 3182 nou
821 3121 959 3198 exigunt.

231 3212 339 3274 Differt
367 3220 473 3277 autem
497 3217 529 3276 in
547 3215 688 3298 pluribus
707 3234 726 3275 a
742 3213 932 3293 proprietate
947 3212 1113 3290 possessio.

190 3306 294 3368 Primo
307 3307 391 3367 enim
406 3311 581 3390 proprietas
591 3310 675 3370 idem
689 3315 746 3384 est,
764 3306 849 3389 quod
864 3307 1047 3383 dominium,
1063 3309 1117 3368 aut

190 3399 278 3478 quasi
298 3400 492 3476 dominium;
509 3421 670 3482 possessor
692 3404 797 3464 autem
818 3419 900 3480 saepe
916 3401 1036 3463 nullum
1048 3399 1112 3475 rei,

191 3508 284 3582 quam
298 3493 448 3575 possidet,
463 3495 635 3562 dominium
649 3495 755 3560 habet.
771 3495 926 3572 Secundo,
940 3493 1123 3576 proprietas,
