2578 4012
180 225 238 288 211
388 235 617 286 ruscino-riores
637 237 719 288 rnnrs
741 237 895 288 conorrcr.

181 383 281 445 tiones
311 381 529 462 quotidianas,
554 383 668 462 quibus
694 401 803 446 omnes
832 385 952 448 reditus
980 382 1109 465 capituli

181 478 336 553 constant,
363 475 491 536 dimissa
514 479 620 536 tamen
649 477 748 538 altera
773 496 811 539 ex
832 477 932 540 tribus
953 478 1107 557 partibus,

182 587 316 649 querum
330 585 403 648 pars
419 567 660 630 inservientibus
674 569 834 633 accrescit.
848 571 948 646 (Febr.
965 573 1067 648 1597.)

220 677 252 736 5·
272 674 436 754 Proposito
457 673 552 735 dubio
566 692 606 734 an
628 675 768 737 canonici
786 675 899 758 quibus
911 694 974 738 non
987 677 1111 738 incum-

179 765 227 828 bit
238 767 282 829 uti
296 767 454 829 canonicis
465 785 543 830 enus
555 767 704 831 audiendi
716 768 936 847 confessiones,
953 768 1049 848 cipro
1065 768 1110 830 cis

180 858 344 920 audiendis
366 860 469 921 absint
483 879 503 921 a
519 860 609 922 chori
622 860 760 938 servitio,
777 861 939 925 lucrentur
960 861 1110 924 distribu-

179 951 279 1013 tiones
294 951 512 1031 quotidianas?
534 953 707 1034 Respondit
732 955 766 1016 S.
785 955 818 1017 G.
834 953 964 1015 minime
979 953 1107 1016 lucrari.
1223 1001 1226 1008 ,

179 1043 438 1125 (nnjuniilonn.)
866 1059 871 1068 ·

217 1154 250 1213 6⁰
271 1151 463 1215 canonicum
475 1150 637 1216 absentem
661 1155 692 1216 et
702 1151 834 1218 missum
849 1151 889 1214 ab
906 1151 1052 1240 episcopo
1067 1151 1119 1217 ad

177 1241 334 1306 visitanda
359 1242 573 1328 apostolorum
595 1243 715 1321 limina,
736 1242 967 1320 admittendum
984 1262 1052 1314 esse
1066 1243 1108 1306 ad

178 1335 412 1398 distributiones
426 1335 627 1417 quotidianas
646 1337 751 1416 quoad
776 1339 900 1423 tempus
923 1335 1108 1414 visitationis

177 1428 323 1492 liminum
345 1426 439 1509 (quod
457 1426 628 1493 declaravit
642 1446 710 1500 esse
733 1428 826 1498 unius
851 1427 939 1512 anni)
955 1429 987 1491 S.
1009 1430 1043 1500 G.
1059 1446 1109 1493 re-

181 1521 284 1584 sclvit.
297 1522 343 1596 (73
355 1520 480 1600 januar.
499 1519 598 1600 1627.)
704 1585 712 1597 ,

221 1631 253 1689 *1⁰
274 1624 401 1693 Censuit
424 1626 455 1686 S.
484 1627 517 1689 G.
541 1625 699 1689 canonicis
721 1625 869 1706 episcopo
888 1625 1109 1706 pontificaliter

181 1716 351 1786 celebranti
375 1717 591 1784 assistentibus
615 1715 724 1782 deberi
747 1717 982 1795 distiihvtionos
1005 1717 1111 1800 ‚uuon-

181 1811 303 1887 dianas‚
319 1827 381 1874 non
397 1814 502 1876 eutem
525 1808 764 1886 inservientibus
775 1809 925 1894 episeopo
949 1810 1110 1886 diceoesim

180 1899 1110 1982 visitanti,velmisnamprivatanroelebranti.tdiebnltno.)

181 1996 269 2058 Idem
282 1995 377 2062 etiam
385 1993 556 2058 declaravit
565 1992 671 2074 quoad
681 1993 760 2056 duos
770 1992 840 2062 illos
851 1995 1020 2066 canonicos
1032 2013 1112 2075 quc-

176 2106 253 2176 rum
276 2105 372 2168 opera
395 2084 440 2156 uti
465 2087 568 2167 potest
588 2085 752 2166 epiecopus
778 2105 785 2146 ε
807 2085 969 2164 lucrantur
990 2087 1112 2156 tructus

183 2179 383 2261 prebende,
413 2195 478 2241 non
505 2181 610 2250 auten
637 2175 871 2258 distributiones
896 2179 1108 2260 nuotdianes.

187 2275 216 2348 tl
225 2273 307 2354 junii
320 2273 422 2348 1633.)
434 2353 436 2357 Ι

223 2382 256 2442 8⁰
275 2379 476 2448 neumatum
490 2375 859 2460 ostentabantur
878 2395 941 2440 non
953 2397 1044 2458 posse
1058 2397 1111 2442 ca-

183 2471 336 2547 nonicos,
363 2470 439 2538 dum
464 2468 674 2538 accessiones
695 2468 849 2547 audiunt,
877 2470 1111 2545 distributiones

183 2561 381 2643 quotidianae
395 2559 633 2639 nantonense
639 2559 867 2642 injungendum
875 2561 1110 2642 ennepaeopo

183 2661 219 2719 ut
231 2655 300 2716 loco
313 2650 536 2734 peanitentiarii
550 2671 608 2730 per
620 2671 694 2720 auno
711 2653 882 2732 deputandi
896 2654 929 2720 in
940 2657 1043 2734 prima
1058 2673 1111 2720 va·

186 2745 308 2818 eetiooe
331 2743 533 2812 canonicatus
547 2745 588 2806 ad
606 2743 689 2814 illius
711 2744 909 2812 collationem
928 2748 1108 2827 spectantis,

187 2835 789 2907 eanoncnmidonermsininenevnum
797 2838 1111 2920 aspernationem

183 2934 252 2998 loco
277 2931 350 2994 dicti
365 2927 588 3010 poenitentiarii
604 2928 815 2996 confossiones
828 2931 946 3010 noar,
963 2937 995 2994 et
1008 2931 1112 2998 distri.-

185 3024 341 3102 butiones,
358 3025 451 3102 prout
464 3020 725 3100 penitentiariue,
745 3021 905 3101 percipere
927 3024 1031 3088 valeat
1046 3045 1053 3086 ε
1067 3023 1112 3088 itn

185 3123 291 3178 tamen
311 3118 346 3177 ut
361 3117 461 3176 cesset
473 3112 652 3193 hujusmodi
665 3113 796 3175 scentes
815 3132 851 3175 eo
866 3115 934 3194 ipsc
950 3133 1011 3196 qun
1028 3116 1111 3180 dicta

186 3208 307 3274 vacatio
320 3207 468 3279 evenerit.
485 3207 512 3281 tt
525 3204 614 3286 april.
638 3203 740 3283 1637.)
