2584 4022
168 241 212 304 st
370 253 599 302 insnnuuouss
619 253 702 301 sums
724 253 879 300 canonum.
980 325 982 330 η

168 387 1099 480 ipsaeeticmlegeseliisetiamecclesiasticisjurisdictionem

169 492 200 552 in
217 489 372 571 quosdam
387 490 517 552 clericos
527 491 677 553 tribuant.

209 586 276 658 Quo
288 584 321 646 in
335 601 421 661 essu,
436 583 463 645 si
473 584 608 663 exempti
624 585 702 652 tales
711 583 828 662 clerici,
840 587 895 646 out
906 583 1028 663 preclnti
1037 601 1100 646 uon

169 678 232 740 sint
245 675 491 759 ajurisdiotione
505 677 654 756 episcopi,
670 695 767 756 penes
778 679 917 739 actorem
930 675 1014 758 optio
1029 675 1100 754 erit,

171 769 319 834 clericum
342 771 453 848 talem,
477 770 527 832 vel
541 788 648 831 corsus
664 788 720 840 suo
737 769 902 848 episcopo,
926 775 980 830 sut
995 785 1102 831 corsm

170 863 319 926 inferiore
339 862 521 924 immediato
542 863 671 942 praelnto
690 861 941 942 jurisdictionem
960 861 992 922 in
1014 861 1102 922 illum

171 957 319 1034 habente,
337 954 522 1028 convenire3
540 959 571 1016 ct
580 955 728 1032 praelatus
741 953 812 1015 telis
824 953 962 1030 inferior,
975 953 1000 1014 si
1014 953 1105 1015 terri*

170 1049 286 1112 torium
299 1047 463 1128 proprium
477 1063 540 1108 non
560 1046 694 1122 hubent,
714 1046 747 1106 in
767 1063 918 1125 personas
932 1062 997 1106 suae
1008 1044 1103 1126 juris·
1182 1101 1184 1106 ,
1253 1100 1257 1106 ,

171 1141 299 1205 dictioni
314 1139 482 1221 subjectos,
495 1142 599 1219 potest
613 1155 684 1199 som
699 1156 844 1199 exercere
857 1137 890 1199 in
905 1138 1016 1218 quovis
1026 1137 1102 1199 dioe-

171 1234 249 1297 cesis
258 1232 340 1294 iliius
354 1233 434 1310 loco,
448 1249 487 1292 ne
499 1232 678 1293 frustrenea
691 1231 732 1293 sit
742 1230 824 1292 illius
833 1228 1021 1310 jurisdictio,
1033 1245 1103 1310 quae

170 1343 320 1409 personas
328 1328 452 1388 tentum
466 1328 567 1386 censs
583 1324 719 1404 respicit,
739 1326 771 1385 ct
785 1342 848 1385 non
861 1327 983 1386 certum
997 1323 1103 1384 locum

171 1422 253 1483 inter
273 1419 434 1482 dioecesim
452 1417 539 1479 illem
558 1417 672 1496 situm,
698 1416 865 1496 episcopus
887 1419 993 1478 tumen
1018 1419 1105 1477 extro

172 1531 261 1576 susm
274 1511 436 1574 dioecesim
453 1510 704 1592 jurisdictionem
716 1509 945 1572 contentiosam
957 1525 1109 1570 exercere.

173 1625 236 1669 non
249 1608 363 1685 potest,
375 1621 434 1672 uec
447 1603 480 1663 iu
495 1601 604 1664 ordine
617 1603 659 1664 ad
668 1621 741 1664 suos
751 1602 906 1680 subditos,
925 1621 999 1664 cum
1012 1601 1105 1681 hujus

169 1697 346 1781 jurisdictio
366 1702 486 1758 ‘crtum
508 1695 604 1757 etism
616 1696 721 1757 locum
735 1693 896 1774 respiciat,
921 1694 981 1756 nisi
1004 1695 1106 1756 velex

173 1790 400 1855 consensulooi
414 1788 507 1866 illius,
517 1807 548 1850 v.
565 1807 611 1869 g„
624 1788 767 1850 dioecesis
780 1787 917 1867 episcopi
933 1788 983 1850 vel
996 1807 1033 1848 ex
1047 1805 1107 1848 sue

175 1883 303 1963 dioecesi
318 1883 464 1962 expulsus
477 1880 642 1958 Beneficio,
654 1899 710 1942 seu
724 1881 889 1961 privilegio
903 1878 1105 1944 clementinae

176 1976 277 2040 unicos
292 1977 343 2054 h.‚.
354 1982 392 2052 t,
409 1974 453 2037 uti
468 1973 559 2036 velit..

216 2070 296 2132 vill.
312 2069 347 2130 ln
361 2068 474 2149 quibus
485 2067 609 2130 casibus
623 2067 656 2128 in
668 2067 772 2146 specie
786 2067 890 2129 clerici
900 2065 1109 2147 coramjudice

174 2161 311 2225 soemlcri
329 2159 489 2241 conveniri
504 2178 567 2222 nou
590 2160 724 2239 possint,
746 2163 778 2221 et
793 2161 826 2220 in
840 2159 954 2240 quibus
968 2158 1108 2238 possint?

176 2257 211 2317 ln
226 2272 342 2335 genere
364 2253 492 2334 quidem
511 2256 632 2315 certum
647 2256 705 2330 est,
722 2253 807 2332 quod
822 2253 926 2314 nullus
938 2251 1038 2331 judex
1049 2267 1108 2313 sae·

176 2347 290 2412 coloris
300 2366 358 2429 per
368 2365 401 2408 ss
411 2347 622 2409 condemnere
631 2345 740 2426 possit,
750 2347 800 2408 vel
806 2345 949 2427 judicare
957 2361 1107 2424 personas

176 2441 413 2516 ecclesiasticas
426 2441 491 2502 sive
505 2440 645 2517 clericos,
654 2440 740 2500 nulla
751 2439 986 2516 cousuetudine,
999 2455 1107 2519 quam·

176 2532 222 2592 vis
237 2530 472 2590 immemoriulis
486 2531 613 2606 iussit,
631 2531 803 2609 quidquam
820 2531 968 2611 juvante,
985 2529 1106 2592 etiamsi

175 2622 295 2703 liquida
309 2623 419 2682 contra
438 2638 492 2681 eos
506 2621 715 2682 instrumenta
735 2623 888 2701 products
902 2624 1046 2700 fuissent,
1063 2623 1108 2683 ita

177 2719 211 2777 ut
223 2715 290 2776 sole
309 2711 450 2774 executio
465 2711 720 2790 faciendumst,
742 2713 787 2774 ita
807 2717 841 2775 ut
855 2715 1108 2776 excommunico-

175 2807 294 2870 tionem
314 2807 382 2885 ipso
398 2805 480 2867 facto
504 2805 662 2882 incurrat,
686 2807 739 2884 qui
764 2807 957 2868 contrarium
972 2806 1057 2886 agit3
1075 2810 1107 2869 et

159 2900 249 2968 ,hinc
263 2895 422 2962 conveniri
442 2917 505 2960 non
523 2902 655 2978 possunt
675 2898 795 2978 clerici,
820 2904 851 2962 ct
873 2901 941 2962 sii'ae
962 2917 1106 2980 persouse

176 2993 394 3056 ecclesiastice
409 3009 516 3054 coram
538 2991 681 3054 saeculsri
701 2991 827 3072 judice,
849 3011 911 3055 non
934 2997 1056 3055 tantum
1073 2991 1105 3052 in

175 3087 350 3149 actionibus
365 3084 602 3166 personalibus,
626 3085 683 3146 scd
697 3103 798 3166 neque
813 3085 843 3146 in
860 3086 961 3148 causis
976 3085 1041 3148 sive
1056 3102 1113 3146 sc·-

175 3177 311 3239 tionibus
326 3179 461 3241 realibus
471 3178 637 3259 (quidquid
650 3178 690 3240 sit
704 3178 743 3239 de
755 3179 912 3242 contrario
926 3178 1043 3241 alicubi
1055 3195 1115 3239 rc·-

176 3273 267 3348 cspts
283 3271 377 3349 praxi
402 3271 508 3351 quoad
530 3269 692 3350 actiones),
722 3289 793 3332 cum
817 3291 867 3334 res
892 3273 925 3334 in
948 3270 1105 3336 territon'c

174 3362 334 3424 saecularis
342 3362 458 3443 judicis
472 3363 532 3426 sito
545 3365 649 3425 forum
659 3363 702 3426 illi
717 3381 781 3428 uon
794 3365 923 3442 tribuat
934 3364 960 3427 si
971 3381 1106 3445 persona

175 3473 233 3544 psi·
245 3455 381 3544 speciale
395 3454 594 3542 privilegium
608 3457 735 3526 omniuo
747 3463 892 3544 exempto
906 3458 956 3528 sit.
