2586 4020
377 285 416 340 oa
438 284 575 340 canarno
597 283 747 340 occassio
769 289 874 340 sraro.
1033 276 1086 344 tar

165 437 310 519 disponat
324 437 415 502 sicuti
428 438 547 498 bonum
562 455 728 499 commune
739 438 896 516 postulare
911 438 1044 501 videtur.
1053 441 1092 502 Et

164 533 189 595 si
203 529 341 593 dominia
360 531 482 609 privata
501 549 563 589 non
579 534 650 592 sunt
672 533 817 609 exempta
835 531 1002 592 adominio
1018 533 1093 594 emi·

164 625 251 685 nenti
268 622 457 700 reipublicae,
480 627 594 700 quanto
616 623 717 701 magis
737 623 821 683 bona
840 623 997 701 Ecclesiae,
1022 644 1092 706 quaa

165 719 236 778 sunt
260 713 514 788 communitatis,
540 714 774 792 universitatis,
798 733 861 776 non
886 717 1091 795 singulorum.

165 813 212 872 ita
221 810 428 870 assentatores
440 806 552 867 Aulioi.

206 905 244 962 X.
268 901 312 962 De
323 899 396 980 jure
410 897 486 958 aude
501 898 668 960 immanitas
681 900 901 962 Ecclesioeaota
912 910 963 964 est.
981 904 1095 982 Magna

168 993 1096 1072 adastinterauotoroscontroversiaoiroajusundeimmuni-

168 1091 215 1150 tas
224 1085 370 1147 Ecclesiae
379 1087 452 1145 nata
462 1082 646 1145 sitEtiamsi
655 1085 1097 1168 enimpraescindamusaprae·

165 1178 313 1260 judicata
325 1175 478 1255 opinionis
492 1177 671 1237 auctoribus
687 1179 740 1259 qui
755 1196 826 1240 cum
836 1180 941 1240 omnia
951 1181 1097 1241 Ecclesiae

165 1272 239 1352 jura
256 1270 353 1331 velint
373 1268 506 1350 trahere
520 1269 560 1329 ad
584 1268 749 1348 imperinm
782 1270 886 1348 civile,
908 1272 1100 1333 contendunt

169 1382 233 1425 non
248 1361 483 1424 aliamcausam
500 1360 616 1420 habere
631 1361 768 1441 potuisse
785 1361 1027 1424 ecclesiasticam
1041 1363 1101 1424 im-

172 1455 356 1518 munitatem
370 1453 429 1514 nisi
444 1453 494 1514 vel
507 1453 743 1531 usurpationem
755 1454 922 1532 Ecclesiae,
940 1456 989 1516 vel
1002 1453 1100 1516 civilis

173 1547 365 1610 auctoritatis
379 1545 617 1626 indulgentiam,
630 1545 749 1621 cordati
764 1545 858 1608 etiam
874 1551 1018 1609 auctores
1038 1547 1101 1608 dis-

173 1641 310 1702 sentiunt
329 1657 369 1698 an
389 1638 569 1699 immediate
589 1638 694 1719 ajuro
718 1639 845 1716 divino,
866 1658 940 1700 ana
960 1640 1031 1720 jure
1051 1658 1103 1702 ec·

175 1731 358 1808 clesiastioo',
369 1749 408 1791 an
422 1731 462 1791 ab
469 1735 601 1810 utroque
612 1734 680 1791 crta
688 1730 737 1792 sit.
750 1732 945 1793 Moderatam
954 1737 985 1794 et
993 1749 1101 1794 veram

175 1825 233 1886 bac
254 1825 287 1884 in
309 1842 343 1883 re
361 1821 480 1883 tenebit
504 1821 689 1883 sententiam
716 1821 768 1902 qui
798 1843 869 1884 cum
899 1843 986 1886 conc.
1014 1825 1099 1886 Trid.

177 1919 263 1997 (sess.
279 1919 329 1992 25,
352 1933 379 1976 c.
398 1916 446 1992 20)
468 1914 626 1990 Ecclesiae,
647 1919 679 1975 et
696 1933 902 1995 personarum
919 1915 1104 1978 ecclesiasti-

176 2027 284 2071 carum
298 2006 527 2068 immunitatem
534 2007 589 2066 Dei
599 2005 793 2067 ordinatione
804 2011 836 2067 et
845 2008 1002 2069 canonicis
1016 2023 1104 2069 sanc-

176 2099 313 2162 tionibus
328 2099 441 2160 dixerit
454 2116 522 2160 esse
537 2099 747 2160 constitutam.
774 2101 853 2160 Nam
871 2105 986 2179 praeter
1004 2099 1105 2162 omni-

177 2193 305 2254 modam
317 2191 505 2268 libertetcm,
519 2197 550 2251 et
563 2191 792 2253 immunitatem
804 2191 835 2252 in
851 2192 944 2253 rebus
959 2193 1106 2271 spiritua-

176 2286 286 2362 libus,
319 2302 390 2364 quae
423 2303 460 2344 ex
488 2282 557 2362 ipsa
585 2284 765 2344 autonomia
804 2288 835 2346 et
862 2283 1106 2365 independentia

179 2375 371 2438 auctoritatis
387 2375 603 2436 ecclesiastice
616 2375 647 2436 in
662 2375 699 2435 iis
714 2394 784 2455 quae
799 2375 956 2454 pertinent
974 2377 1015 2436 ad
1037 2374 1106 2438 ulti-

179 2487 266 2530 mum
280 2469 375 2530 finem
387 2514 394 2544 ,
408 2486 446 2528 ex
460 2472 572 2530 natura
583 2467 717 2546 propriae
738 2466 941 2530 institutionis
960 2467 1105 2530 Ecclesiae

180 2562 337 2641 competit,
353 2561 490 2639 aliquam
505 2560 598 2622 etiam
609 2559 839 2622 immunitatem
854 2561 885 2620 in
899 2563 993 2624 rebus
1009 2561 1108 2623 civili-

179 2655 238 2716 bus
249 2657 279 2716 et
291 2650 525 2731 temporalibus
542 2653 653 2714 saltem
670 2671 707 2712 ex
725 2653 862 2732 quadam
877 2653 1104 2730 convenientia,

100 2741 105 2748 ⁸
177 2748 249 2828 jure
264 2745 381 2822 divino,
398 2745 448 2806 rel
462 2744 567 2805 divina
585 2745 780 2807 ordinatione
798 2745 892 2807 fuisse
905 2745 1104 2823 insinuatam,

181 2858 238 2920 per
248 2856 353 2900 sacros
367 2835 480 2898 deinde
491 2836 638 2898 Ecclesia
653 2855 788 2898 canones
800 2838 832 2897 in
854 2838 963 2899 ordine
979 2837 1018 2897 ad
1031 2841 1108 2899 tem-

181 2949 294 3011 porum
311 2931 515 3008 locorumque
542 2928 790 2990 circumstantias
811 2929 1107 3005 determinandam,

182 3031 274 3084 nemo
290 3025 373 3084 certe
386 3022 441 3102 qui
448 3021 558 3099 sapiat,
568 3020 744 3099 denegabit.

222 3118 293 3194 Ipsa
307 3115 390 3174 enim
403 3119 515 3174 natura
523 3111 846 3190 religionispcstulare
858 3113 982 3174 videtur
994 3119 1029 3175 ut
1041 3114 1111 3175 loca

183 3208 232 3270 vel
247 3226 297 3267 res
310 3225 379 3287 quae
397 3205 502 3267 divino
519 3203 613 3266 cultui
629 3204 784 3265 destinata
796 3208 869 3265 sunt
892 3224 911 3265 a
926 3206 1064 3284 profanis
1080 3210 1111 3268 et

182 3299 324 3362 civilibus
344 3299 451 3358 usibus
472 3299 534 3358 sint
564 3302 718 3375 exempta.
739 3295 908 3374 Religionis
923 3302 1030 3360 autem
1051 3299 1111 3359 mi-

183 3393 297 3454 nistres
321 3393 352 3451 et
371 3390 456 3451 bona
480 3408 549 3469 quae
580 3387 737 3450 alimoniae
758 3387 990 3468 ministrorum,
1013 3391 1109 3453 divini

185 3483 286 3549 cultus
308 3481 518 3546 functionibus
541 3480 739 3560 exercendis,
760 3481 809 3544 vel
830 3481 898 3545 aliis
913 3483 971 3566 piis
993 3488 1024 3548 et
1038 3483 1110 3548 reli·

272 3604 336 3648 ιοιι.
356 3605 394 3646 ιιι.
989 3593 1017 3649 li
