2584 4022
554 287 595 334 nn
615 289 754 338 runicus.
1080 277 1115 338 u

229 433 275 496 Ex
288 431 336 494 his
351 429 577 512 positionibus,
593 431 619 492 si
640 451 710 514 quae
734 451 753 494 a
773 421 827 494 reo
851 437 1016 513 negentur,
1041 432 1120 495 iiunt

186 524 312 588 articuli
324 523 568 604 probatoriales,
584 524 613 585 si
626 525 667 587 ad
681 545 759 605 quos
780 526 959 605 probandos
980 545 1013 588 se
1033 530 1120 589 actor

191 617 422 694 offerredebet,
442 633 514 677 cam
537 617 621 678 enim
645 619 864 700 responsiones
888 619 927 678 ad
952 619 1122 698 positiones

192 713 328 773 debeant
347 728 415 771 esse
438 709 614 788 simplices,
632 729 719 790 purae
743 716 774 774 et
797 712 968 789 absolutas,
990 711 1031 772 ad
1055 729 1123 772 rem

190 805 402 884 pertinentes,
429 805 460 864 et
481 803 594 881 claras,
616 822 674 883 per
696 805 829 866 verbum
852 803 958 882 credo,
985 807 1123 866 autnon

192 898 303 974 oredo,
321 900 394 973 eta,
411 899 447 957 ut
468 899 557 957 actor
572 896 650 959 sciat
668 897 744 978 quid
758 897 817 959 sibi
838 897 1038 977 probandum
1059 897 1121 974 sit,
1236 949 1237 952 ,

191 988 466 1071 consequenterad
475 987 545 1049 lites
556 989 785 1050 abbreviandas
796 989 1000 1052 articulorum
1011 990 1122 1052 talium

187 1082 339 1163 plurimus
353 1099 428 1142 usus
443 1084 499 1142 est.
517 1083 552 1142 ln
568 1100 701 1160 quorum
713 1083 832 1160 locum,
850 1083 875 1144 si
893 1101 951 1163 per
975 1083 1061 1144 viam
1075 1083 1123 1143 in-

191 1172 1123 1256 quisiticnisexofiicioajudiceprocedatur,certaquaedam

193 1269 328 1348 capitula
341 1270 569 1347 proponuntur,
578 1285 672 1347 super
684 1269 797 1348 quibus
806 1271 969 1349 suspectus
981 1273 1028 1330 est
1036 1287 1119 1346 rens,

180 1365 222 1442 ,et
235 1361 421 1437 infamatuS,
436 1363 470 1423 ut
483 1360 524 1420 ad
540 1378 578 1420 ea
592 1361 791 1439 respondeat.

229 1453 468 1533 Distinguuntur
500 1456 605 1513 autem
629 1453 798 1531 positiones
813 1453 880 1515 istae
905 1457 936 1516 et
958 1453 1084 1515 articuli
1103 1472 1123 1513 a

191 1547 253 1608 litis
276 1545 517 1623 contestatione,
535 1545 619 1625 quod
643 1545 674 1606 in
690 1545 739 1606 his
754 1547 892 1608 articulis
917 1551 948 1610 et
962 1546 1122 1627 positioni-

193 1641 252 1702 bus
263 1639 340 1700 nihil
354 1657 372 1698 a
387 1655 441 1699 reo
456 1641 591 1717 petatur,
608 1639 697 1701 sicuti
712 1638 745 1699 in
759 1639 821 1702 litis
837 1640 1074 1718 contestatione,
1092 1644 1123 1700 et

193 1732 297 1796 libello
323 1753 330 1794 :
353 1734 385 1794 et
404 1731 548 1810 quamvis
574 1730 670 1794 etiam
691 1750 710 1792 a
732 1731 839 1813 jndice
863 1732 1123 1812 interrogationes

194 1825 261 1886 fieri
276 1827 425 1905 possent,
442 1823 543 1884 abhis
564 1826 669 1886 tamen
683 1824 854 1904 positiones
873 1829 904 1888 et
925 1825 1047 1886 articuli
1064 1825 1124 1886 dif-

116 1999 119 2002 -
195 1919 309 1994 ferunt,
326 1917 410 1998 quod
424 1916 595 1996 positiones
609 1917 688 1979 tales
702 1918 742 1982 ab
753 1925 859 1980 actore
874 1917 1022 1980 assertive
1032 1917 1120 1995 fiant,

194 2009 415 2090 interrogatio,
430 2029 461 2070 v.
478 2028 524 2089 g.,
537 2027 558 2069 a
568 2007 675 2089 judice
686 2011 921 2092 interrogativo.

235 2105 286 2166 Vl.
310 2102 400 2178 Quod
418 2121 475 2181 per
489 2093 706 2182 exceptionem
729 2104 924 2184 dilatoriam,
944 2123 1006 2186 qua
1026 2103 1124 2186 judex

195 2199 346 2276 tanquam
357 2194 573 2274 incompetens
588 2199 761 2275 recusatur,
778 2201 833 2259 aut
858 2217 920 2278 qua
946 2198 1045 2260 actori
1069 2215 1125 2274 op-

195 2288 331 2369 ponitur,
348 2287 434 2368 quod
447 2305 510 2349 non
529 2288 626 2366 possit
638 2291 721 2349 stare
739 2289 771 2348 in
782 2289 914 2368 judicio,
925 2289 988 2350 litis
1005 2292 1122 2352 contos

194 2381 270 2444 tatio
280 2400 343 2443 non
357 2381 533 2457 inducatur,
549 2381 669 2440 certum
683 2374 822 2459 estquis
832 2381 910 2446 tales
926 2381 1124 2457 exceptiones

196 2492 259 2535 non
279 2473 383 2535 animo
406 2472 567 2552 litigandi,
587 2471 642 2532 sed
667 2471 771 2550 potius
792 2471 897 2533 animo
918 2471 1006 2533 litem
1030 2471 1126 2532 deeli-

197 2566 304 2643 nandi,
331 2571 533 2646 opponuntur
558 2585 564 2626 :
588 2564 644 2625 sed
669 2583 771 2647 neque
806 2584 863 2645 per
897 2563 1126 2646 oppositionem

198 2658 386 2737 exceptionis
409 2659 628 2738 peremptoria
654 2657 814 2721 inducitur
839 2658 903 2720 litis
927 2655 1123 2732 contestata,

199 2762 280 2829 cum,
297 2752 329 2812 in
344 2751 398 2814 tali
412 2770 507 2828 casu,
525 2749 581 2830 qui
598 2751 704 2814 taliter
718 2753 842 2831 excipit,
859 2769 922 2813 non
938 2750 1127 2830 respondeat

199 2845 239 2906 ad
254 2846 368 2907 actoris
378 2843 580 2923 petitionem,
596 2862 668 2906 cum
680 2848 785 2908 tamen
800 2844 863 2906 litis
874 2843 1056 2908 contestatio
1071 2860 1129 2921 per

197 2936 294 2998 talem
310 2936 548 3015 responsionem
559 2936 627 2995 lieri
649 2936 774 2998 debeat.
803 2937 916 3016 Negari
938 2939 1044 3013 tamen
1065 2950 1128 2993 non

199 3032 316 3108 potest,
342 3029 426 3110 quod
447 3047 504 3109 per
527 3027 726 3106 exceptiones
752 3029 913 3091 dilatorias
939 3025 1129 3105 impediatur

200 3123 342 3203 quidem,
360 3126 393 3184 et
407 3121 586 3184 retardetur
603 3120 666 3181 litis
681 3121 885 3198 contestatio,
903 3120 961 3180 nisi
984 3137 1042 3198 per
1066 3137 1129 3180 non

200 3216 359 3296 oppositas
376 3217 445 3276 illas
461 3217 533 3275 ante
555 3212 617 3274 litis
632 3215 903 3292 contestationem,
923 3213 1068 3274 videatur
1081 3211 1131 3300 his

200 3327 273 3388 pars
295 3309 422 3390 litigans
442 3305 644 3384 renuntiare,
673 3310 729 3370 aut
743 3305 859 3388 judicis
879 3305 1132 3390 jurisdictionem

200 3402 233 3462 in
256 3421 289 3464 se
308 3420 500 3484 prorogare3
524 3418 582 3479 per
598 3401 814 3482 exceptionem
831 3404 938 3464 tamen
955 3403 1132 3482 perempto·

200 3494 282 3558 riam
300 3499 371 3559 ante
392 3494 456 3559 litis
477 3492 736 3558 contestationem
755 3495 929 3577 objectam,
951 3494 1132 3572 nonimpe·
