2584 4022
184 263 226 337 '2'8
387 284 618 336 rnsrrrurronns
638 273 721 336 rnnrs
743 286 898 334 asnorum.

224 429 382 507 Secundo,
398 431 425 492 si
438 434 567 511 propter
582 430 743 508 delictum,
765 434 796 492 et
810 431 1054 510 subsequentem
1070 430 1117 492 in·
1179 484 1183 492 .

184 521 454 603 corrigibilitatem
469 524 730 587 excommunicati
742 523 846 585 clerici
862 523 958 585 etiam
971 522 1004 584 in
1018 524 1117 585 sacris

117 626 120 630 ’
184 615 343 679 constituti
356 617 486 696 luerint,
502 623 532 678 et
552 617 584 678 iu
603 617 800 680 contumacia
815 622 1035 697 perseverent,
1057 617 1116 697 ip‘si

184 710 331 772 amittunt
342 710 542 790 privilegium
551 711 620 787 fori,
629 714 660 772 et
668 710 728 772 fori
739 710 897 770 saecularis
912 711 1009 784 finnt3
1026 710 1053 771 si
1065 714 1114 772 ta-

183 820 257 864 men
270 820 329 883 per
341 804 528 865 sententiam
537 803 652 884 judicis
667 801 868 874 ecclesiastici
881 801 1059 864 declaretur
1071 803 1115 864 in·

184 895 415 977 corrigibilitas,
429 899 461 957 et
473 900 547 958 actu
559 896 705 958 tradatur
718 895 865 975 potestati
879 895 1033 958 saeculari.

221 988 337 1064 Tertio,
354 988 379 1050 si
396 1007 430 1049 se
442 988 639 1050 immisceant
656 987 911 1065 enormitatibus,
930 987 995 1048 sive
1014 989 1114 1050 multa

181 1080 323 1144 enormia
337 1080 451 1142 delicta
465 1082 678 1158 committant,
697 1081 861 1160 privantur
881 1083 949 1160 ipso
965 1079 1112 1161 juratori

182 1172 347 1254 privilegio
359 1172 475 1250 clerici,
488 1174 632 1254 quamvis
644 1174 677 1235 iu
687 1174 784 1236 sacris
794 1174 953 1236 constituti
968 1174 1040 1251 sint,
1055 1173 1116 1236 sal-

181 1269 246 1328 tem
260 1269 331 1346 post
343 1266 457 1327 trinam
467 1266 671 1328 monitionem
683 1267 833 1346 episcopi,
843 1273 885 1344 et,
897 1273 933 1328 ut
948 1266 1043 1347 aliqui
1054 1286 1114 1346 pu-

179 1363 257 1436 tant,
272 1364 342 1439 post
353 1359 588 1438 degradationis
598 1360 692 1421 realis
703 1359 900 1436 sententiam,
913 1363 945 1421 et
958 1359 1113 1420 actualem

179 1451 382 1514 traditionem
394 1452 535 1513 saeculari
548 1453 746 1533 magistratui
756 1454 882 1530 iactam,
896 1452 981 1532 quod
989 1451 1114 1513 coufor-

180 1545 261 1604 mius
272 1543 397 1623 juribus
410 1550 466 1606 esl.

219 1637 259 1698 nt
268 1637 411 1717 quamvis
424 1636 477 1717 qui
490 1635 626 1718 judicari
643 1657 706 1699 uon
725 1641 829 1717 potest
846 1657 865 1698 a
885 1637 1027 1698 saeculari
1044 1655 1113 1698 ma-

179 1728 323 1809 gistratu,
340 1748 398 1790 nec
407 1729 448 1790 ab
463 1747 500 1792 eo
515 1731 584 1810 capi
596 1731 706 1810 possit,
724 1734 755 1792 et
769 1730 801 1790 in
814 1748 975 1792 carcerem
985 1729 1110 1811 conjici,

178 1825 252 1884 sunt
276 1824 382 1883 tamen
406 1821 512 1901 plures
534 1822 629 1884 etiam
650 1841 757 1900 casus,
774 1822 806 1883 in
826 1824 939 1904 quihus
953 1821 1113 1884 saecularis

179 1914 381 1993 magistratus
395 1913 490 1976 etiam
500 1915 631 1978 clericos
646 1933 759 1995 capere
770 1919 884 1995 potest,
897 1917 1113 1977 nonobstante

179 2006 236 2068 lori
251 2006 426 2086 privilegio,
445 2007 529 2086 quod
545 2012 654 2070 contra
665 2009 762 2070 talem
777 2012 942 2088 capturam
961 2007 1037 2068 nihil
1052 2007 1112 2069 illis

179 2099 409 2179 patrocinatur:

218 2192 269 2254 Sic
283 2191 385 2271 primo
399 2190 470 2272 capi
482 2196 587 2273 potest
596 2193 729 2256 clericus
741 2193 912 2256 asaeonlari
920 2193 1107 2274 magistratu

179 2285 229 2364 (ex
242 2285 338 2347 tacita
357 2286 468 2348 saltem
489 2287 707 2349 commissione
724 2287 926 2368 magistratus
945 2285 1109 2348 ecclesias-

178 2377 256 2456 tici),
267 2378 292 2438 si
305 2378 337 2438 in
350 2378 464 2441 delicto
475 2379 688 2462 deprehensus
703 2380 807 2459 fuerit,
820 2383 875 2442 aut
885 2379 990 2442 debita
1001 2379 1110 2458 gravia

178 2470 377 2546 contraxerit,
390 2473 440 2532 vel
454 2473 544 2548 gravi
559 2473 674 2552 injuria
683 2473 800 2534 laicum
815 2473 971 2549 affecerit,
985 2474 1062 2549 etc,
1077 2473 1109 2533 et

177 2557 216 2619 de
236 2558 312 2636 fuga
325 2563 488 2636 suspectus
505 2562 555 2636 sit,
573 2581 636 2622 non
649 2567 684 2622 ut
698 2564 738 2623 ab
753 2581 790 2624 oo
806 2564 970 2640 puniatur,
995 2563 1051 2624 sed
1073 2565 1108 2624 ut

140 2651 141 2654 ’
175 2668 232 2711 suo
244 2649 441 2728 magistratui
453 2651 664 2714 ecclesiastico
677 2652 855 2730 puniendus
870 2653 1023 2715 canaam.

216 2741 371 2818 Secundo,
386 2745 421 2804 ut
432 2743 645 2821 preveniatur
663 2743 811 2807 delictum
832 2745 1103 2824 committendum,

175 2835 210 2894 ιιι
223 2832 248 2894 si
262 2833 300 2894 de
316 2837 407 2896 nocte
420 2835 704 2914 armatusincedat,
717 2838 748 2899 et
765 2842 929 2917 suspectus
943 2838 983 2900 sit
997 2839 1037 2900 de
1049 2838 1104 2900 ho·

174 2924 542 2991 mioidiocommittendo.
679 2934 681 2938 ’

213 3020 339 3098 Tertio,
357 3021 482 3102 quando
498 3039 680 3104 expressum
698 3023 883 3086 mandatum
908 3023 1042 3086 habetur
1062 3025 1104 3086 ab

174 3113 383 3177 ecclesiastico
398 3115 604 3196 magistratu,
627 3119 662 3178 nt
681 3118 722 3179 ob
738 3117 886 3180 delictum
900 3118 1103 3180 commissum
1164 3183 1167 3188 ,

173 3203 315 3281 capiatur
324 3207 464 3271 clericus.

170 3387 180 3447 l
204 3295 328 3400 ’Quarto
343 3298 489 3381 denique,
507 3302 632 3383 quando
647 3303 776 3383 impune
790 3303 953 3366 verberari
968 3307 1103 3385 potesta

182 3405 262 3449 arco.

210 3481 245 3540 ln
257 3479 313 3542 teli
324 3481 408 3544 enim
423 3502 497 3548 casu
516 3488 611 3551 etiam
627 3489 697 3570 capi
712 3493 826 3570 potest.
842 3492 886 3553 Da
910 3508 948 3553 eo
968 3493 1074 3554 tamur
1090 3537 1098 3568 ‚
