2584 4022
513 219 575 298 ‘on
595 253 734 302 iunioris.
1061 237 1100 300 28

165 399 291 478 utrique
304 397 375 459 looo
389 391 576 475 eommunis,
598 396 643 458 its
656 399 691 460 ut
704 402 836 478 uterque
845 394 945 475 judex
958 411 1029 458 eum
1043 395 1100 458 ob-

165 509 295 556 servare
309 489 441 566 debeet3
459 489 614 571 quibusin
625 490 749 552 nasibus
759 488 945 552 sententiam
956 487 996 552 ab
1006 487 1101 572 hujus

164 583 315 650 territorii
325 582 433 664 judioe
449 584 547 646 lolem
561 583 690 646 alteriue
704 582 853 646 territorii
870 581 970 664 judex
988 582 1099 666 exequi

165 679 271 741 debet.
464 701 465 704 ¹

207 771 334 846 Quodsi
349 789 425 834 voro
440 771 558 852 exlege
572 771 731 835 eommuni
743 771 828 834 bone
840 770 873 834 in
885 788 1013 849 pronam
1025 787 1101 834 oon·

163 868 328 943 ilsoentur,
350 868 381 928 et
401 865 470 928 haeo
491 865 524 926 iu
549 864 681 927 diversis
705 863 871 928 territoriis
895 863 1039 942 existent,
1056 865 1101 932 os

165 963 291 1037 tomen,
317 962 351 1021 ut
377 957 502 1020 diverse
522 958 590 1020 haeo
613 958 772 1021 territorio
792 957 846 1020 uni
870 957 992 1022 subsint
1014 957 1101 1039 prin-

165 1052 239 1133 oipi,
255 1071 286 1115 v.
303 1071 350 1133 g.,
361 1054 430 1113 tum
448 1051 534 1113 bona
548 1053 728 1130 eontisoato,
745 1053 778 1114 in
792 1069 993 1133 quooumque
1008 1051 1100 1114 terri-

165 1145 247 1208 torio
262 1145 407 1223 existant,
422 1143 463 1206 ed
477 1145 588 1207 tisoum
600 1144 750 1226 principis
761 1145 844 1208 illius
858 1145 1058 1226 redigentur3
1072 1145 1099 1208 si

164 1241 273 1302 tamon
288 1239 346 1301 sub
362 1237 494 1300 diversis
505 1237 699 1318 principibus
711 1239 773 1301 sint
784 1239 859 1302 telio
876 1238 1050 1317 territorio,
1068 1243 1100 1303 et

165 1351 204 1394 ex
213 1330 416 1411 dispositione
428 1330 506 1410 legis
516 1331 642 1412 utrique
652 1331 809 1395 territorio
820 1331 995 1396 eommunis
1004 1351 1100 1412 poeno

165 1424 396 1488 confiscationis
417 1423 618 1505 imponatur,
639 1427 708 1488 tum
723 1425 767 1486 illi
788 1426 863 1488 fisoo
889 1424 994 1488 omnis
1014 1425 1100 1488 bons

163 1517 293 1580 mobiba
302 1517 471 1580 oontisoote
481 1518 609 1597 endunt,
619 1517 652 1580 in
661 1537 860 1599 quocumque
868 1517 1027 1581 territorio
1038 1517 1099 1580 sits

163 1611 236 1690 sint,
252 1615 283 1674 et
294 1612 380 1673 bons
391 1611 565 1674 immobilis
579 1610 611 1673 in
626 1611 687 1674 hoe
701 1611 861 1675 territorio
876 1611 948 1690 sito,
960 1611 1014 1674 ubi
1027 1629 1099 1674 sen-

164 1704 263 1768 tentis
278 1704 492 1785 condemnans
506 1704 572 1770 leto
585 1705 662 1768 fuit:
678 1723 748 1787 quae
759 1709 866 1768 sutem
880 1705 912 1767 in
924 1705 1026 1768 alieno
1037 1709 1099 1768 ter-

164 1797 273 1862 ritorio
293 1799 378 1862 bona
396 1797 571 1860 immobilis
589 1797 649 1860 sits
664 1802 748 1877 sunt,
765 1798 847 1862 illius
860 1798 1009 1862 territorii
1023 1799 1098 1860 fiseo

166 1891 296 1969 cedent,
319 1891 347 1952 si
363 1883 554 1964 oonfis'oondi
575 1892 660 1956 bono
678 1891 731 1974 jus
750 1892 868 1955 hebeat
888 1892 1051 1966 dominus;
1072 1891 1098 1954 si

164 1987 272 2047 autom
292 2003 331 2045 ex
345 1984 472 2065 speciali
492 1987 614 2047 tentum
629 1985 705 2048 certi
722 1986 871 2050 territorii
886 1989 1002 2050 statuto
1024 2003 1099 2048 eon·

163 2077 284 2140 fisootio
299 2077 432 2157 poenalis
447 2079 513 2155 fiet,
526 2078 631 2167 looum
640 2078 694 2141 ille
705 2097 768 2142 non
779 2079 909 2144 hebebit
918 2079 1002 2142 eires
1014 2080 1099 2143 bons

164 2174 253 2234 estro
272 2169 466 2234 territorium
484 2172 683 2235 oontisoentis
703 2172 777 2250 situ,
799 2173 920 2236 etiamsi
935 2174 1097 2254 utriusque

162 2263 313 2325 territorii
323 2263 561 2344 idemprineops
571 2266 622 2343 sit,
632 2270 716 2327 utne
729 2267 784 2327 fiat
793 2267 938 2328 odiorum
946 2265 1095 2342 extensio,

163 2356 221 2420 ssd
230 2360 354 2420 tentum
366 2357 406 2418 ed
420 2357 505 2420 bona
516 2358 548 2418 in
563 2357 618 2420 teli
633 2356 789 2420 territorio
803 2357 873 2433 sits,
892 2360 927 2418 ut
947 2361 1099 2418 statutum

162 2449 226 2513 tole
240 2450 345 2530 viget,
362 2450 486 2512 extendi
499 2452 612 2531 potest.
630 2449 708 2515 Vide
728 2449 769 2512 de
785 2448 835 2514 his
850 2447 992 2511 civilibus
1006 2446 1099 2529 plura

164 2542 249 2622 apud
260 2547 342 2606 suot.
359 2544 469 2621 lieth,
485 2544 508 2608 l.
520 2545 574 2608 eit.

363 2693 374 2742 Ι
388 2695 425 2736 tlt.
439 2701 471 2734 ns
484 2701 547 2734 rouo
560 2702 717 2736 coursrsuur
730 2701 896 2736 mirreorum,

153 2885 157 2891 Ι
206 2810 271 2873 Vll.
295 2810 370 2884 Quis
392 2811 433 2873 sit
456 2808 555 2892 judex
577 2814 759 2890 compotens
780 2808 990 2876 olorinorum?
1008 2803 1098 2882 Quod

165 2903 325 2978 eonveniri
339 2905 461 2984 possint
479 2903 582 2968 cleriei
595 2923 658 2968 non
673 2904 810 2986 exempti
824 2921 931 2966 eorem
946 2920 1002 2964 suo
1017 2900 1099 2980 opis·

165 3013 265 3076 oopo,
283 2997 336 3078 qui
357 2998 456 3078 judex
477 2999 706 3066 eoolesisstious
731 2997 909 3059 ordinarius
927 2998 975 3055 est
1003 2991 1100 3054 totius

167 3087 329 3169 dioecesis,
345 3091 412 3154 sive
436 3111 456 3153 a
473 3092 574 3169 leieo,
595 3091 661 3152 sive
676 3089 789 3152 clerieo
809 3087 1050 3164 conveniantur,
1066 3085 1099 3146 in

167 3183 269 3246 oensis
287 3187 353 3246 tom
376 3184 538 3263 uirilibus,
563 3201 659 3265 quem
680 3179 909 3256 criminalibus,
934 3178 1098 3241 certissimi

163 3275 243 3358 juris
253 3281 310 3357 est,
320 3277 379 3340 nisi
389 3297 461 3340 eum
469 3295 624 3340 consenso
633 3273 751 3354 proprii
759 3271 898 3353 episcopi
908 3273 993 3353 opud
1003 3273 1101 3337 olium

167 3371 413 3434 ecclesiasticum
430 3371 575 3452 jndicem,
592 3373 698 3450 pantes
715 3385 809 3448 egere
833 3367 945 3445 velint,
963 3370 1017 3431 eut
1030 3384 1102 3447 spo-

168 3463 246 3528 oielo
260 3464 388 3547 aliquod
404 3463 614 3548 privilegium,
631 3462 681 3526 vel
693 3464 822 3548 recepte
833 3459 1040 3538 eonsuetudo,
1050 3458 1114 3548 vel¹
