2586 4020
156 277 213 336 192
361 287 591 338 rnsnrormnns
611 290 694 337 runis
716 289 870 336 cnncnrcr.

155 427 1084 515 legibusecclesiasticis,ctenaliaparteimperatorumauc·

154 526 312 590 toritatem
325 527 483 590 canonicis
495 527 707 594 sanctionibus
720 527 915 594 communiri.

560 675 682 718 corollaria.

196 793 287 855 1⁰le
309 811 345 854 eo
366 795 450 874 quod
469 795 594 858 ordines
610 814 672 857 non
686 795 924 878 permiscentur,
941 797 1081 876 sequitur

156 887 240 968 quod
254 887 356 968 (firma
376 891 521 950 manente
544 889 732 969 obligatione
753 889 958 950 concurrendi
973 896 1082 951 mutuo

155 983 187 1042 et
205 986 329 1042 servata
344 981 527 1042 excellentia
549 983 666 1044 ordinis
681 982 881 1043 ecclesiastici
896 983 1083 1063 praeordina

155 1072 269 1151 civili),
295 1074 464 1134 auctoritas
492 1079 671 1155 protegens,
692 1075 724 1135 in
749 1078 900 1155 qnantum
927 1077 1085 1137 concurrit

154 1164 290 1244 propriis
304 1166 415 1227 mediis
439 1166 486 1228 sui
511 1167 628 1229 ordinis
642 1167 674 1227 in
688 1168 807 1229 honum
828 1168 965 1244 alteriue,
989 1172 1035 1229 θεῖ
1051 1168 1084 1229 in

155 1275 212 1318 sua
233 1256 461 1337 jurisdictione,
484 1277 542 1321 nec
564 1261 645 1340 gerit
659 1260 790 1339 simplex
811 1261 994 1322 mandatum
1009 1262 1086 1322 alte-

154 1351 238 1424 rius;
255 1351 309 1411 scd
330 1351 395 1430 agit
411 1352 483 1432 jure
498 1371 566 1430 suc,
590 1353 724 1433 ideoque
738 1356 784 1414 est
794 1353 891 1433 judex
903 1356 1083 1431 competens

155 1442 194 1504 de
207 1442 318 1504 mediis
334 1445 447 1523 quibus
460 1446 536 1522 velit
550 1463 746 1520 concurrere,
761 1446 800 1506 de
823 1446 996 1524 quantitate
1009 1465 1083 1507 con-

155 1554 276 1612 cursus,
291 1535 436 1598 videlicet
445 1538 641 1617 prohibendo
654 1541 684 1598 et
698 1538 856 1617 puniendo
868 1540 1083 1618 aggressiones

155 1628 1084 1711 contraEcclesiarn,aopositivesustinendopraescriptiones

155 1720 365 1782 etdecisiones
379 1723 537 1800 Ecclesiae,
548 1741 585 1783 ac
594 1723 688 1784 etiam
699 1724 899 1785 concedendo
908 1725 1080 1804 privilegia,

155 1814 290 1875 honores
313 1815 486 1894 peculiares
521 1834 591 1896 qum
613 1815 713 1895 magis
745 1817 908 1897 magisque
943 1817 1083 1878 favorem

155 1913 291 1986 augeant
300 1910 330 1969 et
347 1909 590 1988 protectionem
609 1912 655 1970 est
664 1908 762 1989 judex
775 1910 870 1970 etiam
882 1908 1039 1988 legitimus
1051 1909 1083 1969 in

155 2000 364 2079 applicatione
377 2001 491 2063 honum
504 2003 689 2078 mediorumv
702 2001 943 2062 obsecundando
965 2006 1081 2079 tamen,

153 2110 314 2172 nunquam
322 2091 704 2174 praveniendo'proteotae
716 2094 909 2156 auctoritatis
916 2094 1081 2174 judicium.

194 2187 250 2246 Ex.
267 2205 314 2266 gr.
335 2208 342 2247 :
360 2187 391 2266 Sl
404 2188 516 2249 delicto
529 2186 658 2247 haeresis
671 2187 711 2247 sit
725 2187 868 2264 apposita
877 2205 973 2267 paena
985 2187 1082 2248 civilis

155 2278 249 2356 exilii,
266 2279 412 2356 carceris
428 2278 742 2356 triremium,mcrtis,
752 2278 839 2357 prius
851 2297 923 2339 reus
934 2280 1082 2340 damnan-

155 2370 214 2432 dus
224 2376 270 2431 est
283 2371 314 2431 in
329 2373 438 2433 ordine
454 2372 676 2447 ecclesiastico,
693 2389 755 2451 quo
771 2374 894 2432 constat
908 2372 1080 2448 denatura,

154 2462 194 2523 de
210 2463 373 2524 existentia
386 2464 501 2540 delicti,
511 2465 549 2524 de
560 2464 800 2543 imputabilitate
816 2463 1040 2542 delinquentis;
1052 2467 1083 2525 et

153 2556 320 2633 postquam
341 2573 413 2614 reus
427 2555 459 2616 in
479 2555 587 2616 ordine
604 2555 813 2617 ecclesiastico
829 2555 995 2617 damnatus
1009 2557 1082 2617 exti-

153 2645 237 2723 terit,
250 2645 379 2706 definita
393 2647 565 2726 quastione
580 2649 639 2708 hac
648 2647 853 2728 praejudiciali
866 2651 897 2709 ct
906 2647 1080 2726 principali,

153 2737 300 2818 princeps
320 2738 358 2799 de
370 2757 423 2799 reo
435 2737 590 2820 judicabit
599 2740 630 2803 in
643 2740 752 2802 ordine
765 2741 805 2801 ad
820 2740 995 2802 sanctiones
1008 2739 1083 2801 civi-

152 2829 208 2892 les.
228 2831 359 2904 Quando
373 2831 456 2892 enim
470 2836 658 2895 concurrunt
670 2851 733 2894 una
744 2836 895 2916 tanquam
908 2832 1082 2910 legislativa

152 2923 185 2985 in
199 2924 331 2986 materia
342 2924 476 3003 propriae
480 2923 717 3004 jurisdictionis,
726 2926 787 2987 alia
798 2928 921 2988 tantum
931 2928 1081 3004 tanquam

152 3017 332 3098 protectrix,
350 3018 417 3080 haec
437 3035 499 3079 non
514 3019 629 3098 poterit
644 3019 738 3080 aliam
753 3037 893 3098 unquam
907 3017 1080 3098 prevenire

151 3111 302 3190 tanquam
312 3110 420 3191 judex,
437 3111 492 3170 sed
504 3111 645 3172 comitari
660 3115 812 3192 tauquam
821 3109 1017 3172 secundaria.

192 3207 223 3262 2⁰
237 3205 282 3264 lix
302 3221 339 3264 eo
355 3203 439 3283 quod
455 3203 613 3283 objectum
632 3203 833 3284 protectionis
850 3202 913 3264 sint
924 3203 998 3283 jura
1011 3221 1081 3282 pro-

24 3331 27 3338 ,
45 3370 51 3378 .
152 3296 243 3355 tectae
256 3296 449 3358 auctoritatis
463 3297 623 3377 sequitur:

192 3389 223 3446 1⁰
237 3385 399 3463 Objectum
410 3407 477 3449 esse
491 3389 669 3451 libertatem
679 3387 993 3468 etindcpendeutiam
1000 3388 1081 3469 juris

153 3476 359 3557 constituendi
380 3498 386 3539 :
405 3498 478 3557 ergo
496 3480 645 3560 impediet
656 3480 817 3544 tumultus.
968 3533 971 3538 ,
