2586 4020
214 269 271 330 182
434 275 663 324 rrsrrrorronrs
684 277 766 324 runis
789 275 943 324 cnuorucr.

211 423 308 504 glosis
318 423 425 484 usibus
440 419 629 496 deserviunt,
653 439 715 482 non
731 439 821 501 aequo
837 419 908 500 jure
922 437 994 482 cum
1014 420 1139 483 oaeteris

214 517 333 578 civibus
352 515 402 577 vel
427 514 518 576 bonis
543 513 722 593 reipublicae
751 513 850 574 civilis
875 513 925 573 vel
947 513 1144 591 privatorum

212 628 280 671 esse
293 607 493 680 aestimauda;
515 607 570 667 sed
591 605 747 668 nonnullis
761 603 901 684 gaudere
916 603 1087 685 privilegiis
1109 607 1143 666 in

211 702 372 781 republica
392 699 475 761 civili
497 702 532 760 ut
550 699 593 760 illi
609 699 671 760 sint
694 697 830 776 exempti
842 697 882 758 ab
897 696 935 758 iis
959 699 1144 760 munoribus

211 794 343 875 publicis
361 810 431 872 quae
459 809 531 852 cum
553 791 765 853 functionibus
786 789 906 868 proprii
930 793 1029 851 status
1049 791 1143 852 valde

211 885 416 965 nonpossint
445 882 633 958 consociari,
658 883 708 944 vel
722 881 771 942 ,iis
801 881 1142 962 obligationibusquae

212 977 317 1039 decori
332 979 430 1038 status
443 993 505 1036 uon
516 974 727 1053 respondent:
746 973 814 1035 baeo
828 991 902 1034 vero
919 974 1091 1036 liberentur
1101 973 1143 1035 ab

210 1071 248 1130 iis
264 1067 411 1129 oneribus
420 1085 489 1147 quac
501 1066 836 1144 deterioromipsorum
856 1064 1024 1127 redderent
1033 1065 1144 1128 condi-

210 1163 339 1236 tionem,
357 1159 433 1220 etin
447 1159 588 1219 favorem
600 1175 664 1218 suae
678 1157 886 1219 distinctionis
900 1176 919 1217 a
938 1157 1141 1236 dispositione

212 1252 310 1318 civilis
324 1248 517 1313 auctoritatis
527 1249 589 1310 sint
604 1249 767 1310 immunia.

251 1347 315 1404 Nec
344 1343 417 1405 inde
442 1341 547 1421 aliqua
570 1341 763 1403 rationabilis
802 1342 950 1421 quaerela,
984 1342 1140 1422 siquidem

212 1455 339 1515 aequum
350 1439 396 1497 est
411 1438 446 1495 ut
461 1433 513 1514 qui
525 1433 663 1496 sentiunt
677 1433 836 1514 religionis
849 1434 1060 1511 commodum,
1072 1453 1139 1495 son-

210 1529 290 1590 tiant
303 1531 334 1589 ot
348 1527 581 1588 incommodum
593 1546 601 1600 3
619 1530 649 1587 ot
658 1526 737 1588 ratio
749 1530 780 1587 et
790 1527 981 1606 experientia
996 1527 1139 1588 demons-

210 1624 273 1682 trat
283 1619 442 1698 religionis
456 1620 583 1679 auctum
602 1619 635 1678 in
650 1619 809 1697 publicam
825 1619 1006 1697 reipublioae
1022 1619 1140 1680 utilita-

210 1715 275 1774 tem
290 1711 478 1772 redundare.

251 1807 302 1866 Xl.
320 1804 382 1866 Sed
401 1822 463 1865 non
478 1806 553 1882 puto
568 1803 691 1882 longius
715 1803 746 1863 in
761 1803 820 1864 hac
840 1804 1011 1882 quaestione
1030 1804 1140 1865 immo·

210 1897 365 1970 randum;
382 1899 468 1975 patet
486 1895 626 1958 securior
650 1903 681 1957 et
700 1895 823 1957 facilior
839 1895 892 1956 via
910 1895 1139 1957 determinandi

211 1989 428 2051 ecclesiasticae
458 1988 621 2067 potcstatis
648 1987 898 2066 competentiam
936 1988 995 2049 bac
1030 1988 1062 2048 in
1090 2008 1135 2049 re.

212 2079 368 2159 Quidquid
393 2077 475 2141 enim
497 2079 536 2141 sit
561 2079 689 2160 dejure
716 2081 800 2141 unde
815 2079 994 2142 immediate
1016 2085 1084 2142 orta
1100 2080 1140 2142 sit

210 2173 319 2234 istbaeo
331 2171 522 2248 immunitas
531 2171 642 2232 saltem
651 2171 797 2232 Ecclesia
806 2171 845 2232 de
856 2175 968 2232 natura
981 2190 1045 2234 sua
1052 2173 1138 2232 insti·

210 2265 337 2326 tutionis
353 2263 492 2325 dandum
511 2266 558 2325 est
572 2262 624 2344 jus
637 2263 792 2335 eximendi
807 2282 957 2343 personas
976 2265 1138 2326 ecclesias-

209 2357 299 2434 ticas,
324 2376 375 2418 res
398 2375 513 2432 sacras,
538 2356 588 2416 vel
608 2356 693 2417 bona
716 2354 911 2435 temporalia,
938 2355 1137 2436 inquantum

209 2449 323 2510 viderit
334 2467 402 2509 asse
416 2448 625 2509 necessarium
635 2450 685 2509 vel
694 2451 905 2526 opportunum
916 2449 957 2509 ad
965 2451 1060 2510 finem
1072 2468 1136 2510 suae

210 2539 410 2600 institutionis
428 2540 695 2618 consequendum.
714 2541 869 2619 Obligatio
884 2541 969 2602 enim
990 2541 1137 2602 adfinem

211 2630 326 2710 datjus
348 2630 389 2690 ad
410 2649 448 2690 ea
465 2630 569 2692 media
595 2649 664 2711 quae
690 2633 731 2694 ad
754 2634 849 2693 finem
878 2635 1136 2712 consequendum

211 2721 466 2786 suntneoessaria
483 2723 534 2783 vel
555 2729 740 2802 opportuna.

158 2875 161 2881 ,
250 2813 347 2876 Alteri
360 2815 507 2895 potestati
526 2815 630 2876 inhoc
653 2814 763 2896 judicii
778 2836 893 2896 genere
915 2837 978 2880 non
992 2819 1136 2880 subditur

211 2907 341 2989 quiaest
355 2910 523 2968 autonoma
545 2910 576 2969 et
592 2908 807 2988 independens
820 2911 852 2970 in
868 2910 976 2971 ordine
996 2929 1062 2972 suo.
1076 2908 1134 2972 Ubi

210 3005 316 3062 autem
329 2999 442 3061 desinit
454 3000 620 3079 imparium
629 3002 787 3078 Ecclesiae,
799 3001 959 3081 ibiinoipit
969 3003 1135 3082 imperium

209 3093 358 3173 principis
378 3113 384 3152 :
402 3093 456 3153 ubi
477 3092 592 3154 desinit
607 3093 659 3174 jus
678 3094 941 3172 ecclesiasticum,
962 3096 1005 3156 ibi
1028 3095 1136 3174 incipit

206 3185 258 3265 jus
274 3186 363 3246 civile
375 3205 382 3259 3
398 3184 451 3247 ubi
465 3184 579 3246 desinit
591 3204 667 3246 cura
676 3187 776 3248 ultimi
789 3187 870 3263 finis,
884 3188 926 3248 ibi
938 3187 1046 3268 incipit
1061 3205 1136 3248 cura

209 3276 389 3354 temporalis
400 3277 555 3339 felicitatis
575 3281 684 3340 status.
711 3280 793 3357 Ergo
817 3283 969 3358 quantum
994 3280 1136 3360 procedit

209 3369 375 3447 exemptio,
400 3371 523 3431 tentum
549 3372 726 3432 coarctatur
752 3371 841 3431 limes
864 3391 959 3456 aquo
987 3373 1134 3454 majestas

208 3457 305 3524 civilis
320 3459 448 3537 incipiat
461 3480 468 3534 3
486 3480 543 3523 nec
557 3461 641 3522 huno
656 3461 786 3524 limitem
807 3465 1010 3545 praetergredi
1032 3469 1134 3546 potest
