2586 4020
535 230 574 276 nr
594 231 740 304 runrcns
1049 223 1106 282 lla

178 372 319 453 modurn,
336 374 471 438 formam
481 377 707 456 praescriptam,
725 379 756 438 et
770 375 884 438 limites
894 377 1109 456 positosexce·

177 467 241 546 dat,
257 469 289 528 in
314 469 374 530 alio
398 469 482 530 enim
502 489 575 531 casu
595 489 660 534 nau
680 475 825 532 censetur
846 489 979 550 gravare
1000 491 1108 534 merus

174 565 332 639 executor,
350 561 402 642 qui
414 563 532 624 nullam
547 563 769 643 cognitionem,
789 563 845 624 sed
862 565 983 626 nullum
998 565 1109 627 minis·

172 653 288 716 terium
310 655 417 732 habet,
447 657 503 716 sed
521 655 620 737 judex
642 657 746 737 potius
769 657 989 720 executionem
1009 659 1108 719 talem

174 749 339 810 mandans,
416 753 417 758 ’
895 769 897 774 ·

217 843 342 920 Quinto,
355 842 408 924 qui
414 842 631 924 juramentum
642 844 754 906 detulit
767 845 808 905 ad
818 863 947 906 causam
962 845 1107 907 deciden-

176 937 260 1014 dam,
277 954 340 998 non
354 939 457 1016 potest
471 955 490 998 a
502 937 657 1000 sententia
667 938 783 1019 judicis
799 939 975 1020 appellare,
1000 957 1108 1020 quam·

175 1030 223 1092 vis
232 1030 330 1110 possit
344 1029 395 1092 ille
411 1030 460 1091 cui
477 1030 694 1112 juramentum
706 1033 912 1111 delatumest,
929 1032 954 1094 si
966 1051 1109 1096 excausa

176 1123 353 1188 rationabili
368 1122 469 1186 noluit
488 1124 565 1185 illud
586 1125 771 1203 admittere,
797 1129 828 1187 et
846 1129 1015 1206 propterea
1033 1145 1109 1188 con·
1161 1144 1164 1150 ’

176 1217 342 1278 demnatus
358 1220 414 1280 est.
428 1219 505 1279 Gum
514 1218 598 1279 enim
613 1219 675 1296 ille,
687 1219 739 1299 qui
750 1218 967 1300 juramentum
984 1220 1105 1297 detulit,

176 1312 286 1390 spopte
314 1310 395 1372 hanc
414 1309 497 1372 viam
520 1311 560 1370 ad
587 1329 715 1373 causam
739 1312 947 1373 decidendam
966 1312 1105 1392 elegerit,

176 1405 405 1482 consequenter
435 1403 547 1468 merito
579 1404 622 1464 illi
654 1407 789 1484 negatur
821 1404 1009 1484 appellatio,
1037 1421 1106 1485 quae

175 1501 282 1559 tamen
297 1496 386 1560 alteri
398 1496 506 1578 jurare
517 1496 604 1578 justa
619 1497 658 1560 de
673 1516 769 1560 causa
783 1497 952 1576 recusanti,
969 1517 1032 1560 non
1052 1515 1109 1558 ne-

177 1593 281 1670 gatar.

217 1683 310 1746 Sexto
324 1682 475 1762 appellari
490 1701 553 1745 non
565 1688 669 1762 potest
683 1684 802 1767 dejure
819 1683 901 1747 civili
916 1689 1026 1748 contra
1038 1703 1107 1748 sen-

176 1777 306 1840 tentiam
321 1776 483 1858 injudicio
497 1778 690 1856 possessorio
705 1779 818 1856 latam,
841 1777 914 1858 quia
935 1796 998 1849 non
1017 1779 1107 1841 affert

174 1886 325 1950 magnum
340 1873 371 1930 et
380 1873 568 1949 perpetuum
578 1871 654 1951 praej
659 1871 807 1948 udioium,
821 1889 893 1932 cum
902 1872 972 1933 talis
982 1872 1015 1932 in
1027 1871 1107 1951 peti·
1229 1911 1231 1918 ·

173 1963 252 2025 torio
261 1981 354 2024 omne
364 1981 535 2042 gravamen
544 1982 691 2025 amovere
702 1964 810 2043 possit,
823 1965 874 2025 vel
884 1964 909 2025 si
922 1982 985 2026 non
994 1961 1102 2044 possit,

174 2057 357 2118 conceditur
371 2055 430 2134 ipsi
451 2057 547 2126 etiam
568 2075 587 2116 a
611 2057 767 2118 sententia
790 2055 821 2117 in
836 2057 1027 2135 possessorio
1041 2057 1106 2120 lata

174 2149 354 2230 appellatio,
380 2150 467 2211 velut
490 2169 509 2211 a
527 2169 700 2230 gravamen
724 2150 815 2213 aliter
836 2150 1044 2229 irreparabili.
1059 2154 1104 2212 lle

133 2295 135 2298 .
169 2243 240 2323 jure
254 2243 404 2304 canonico
421 2247 537 2320 autem,
559 2242 612 2303 ubi
629 2243 723 2304 etiam
739 2243 777 2303 de
800 2243 938 2304 minimis
959 2244 1105 2305 concedi-

172 2339 224 2397 tur
235 2334 415 2414 appellatio,
439 2335 534 2396 etiam
556 2353 576 2396 a
602 2335 758 2396 sententia
781 2330 813 2394 in
828 2335 1020 2414 possessorio
1039 2336 1103 2396 lata

172 2427 322 2508 appellari
339 2432 451 2507 potest.

198 2521 351 2600 Septimo
375 2523 497 2585 admitti
529 2541 591 2584 non
622 2522 716 2583 debet
740 2516 908 2601 appellatio
938 2521 1102 2585 manifeste

170 2613 292 2692 frivola,
309 2633 378 2694 quae
394 2615 511 2677 scilicet
525 2616 591 2676 sine
605 2615 745 2695 legitima
760 2633 855 2678 causa
870 2617 1099 2696 interponitur,

171 2725 272 2787 neque
285 2712 451 2770 excusatur
460 2709 615 2786 subditus,
631 2728 692 2790 quo
702 2699 806 2770 minus
816 2715 963 2772 teneatur
974 2711 1102 2772 obedire

169 2800 323 2878 superiori
334 2820 390 2863 suo
411 2803 450 2864 oh
469 2801 614 2864 frivolam
628 2802 724 2864 talem
744 2803 987 2882 appellationem
1006 2803 1102 2866 inter-

169 2893 313 2973 positam,
328 2894 383 2955 sed
397 2895 501 2975 potius
515 2895 692 2975 puniendus
707 2900 764 2956 est.

188 3033 190 3042 ,
208 2989 260 3048 ΙΧ.
273 2987 317 3048 De
328 2988 420 3048 causis
426 2987 582 3048 commissis
596 2985 636 3048 ad
631 2987 715 3067 jecta
732 2987 862 3049 clausule
876 3009 888 3049 .·
907 2987 1102 3069 appellatione

168 3092 289 3146 remoto.
307 3084 367 3144 Per
388 3079 569 3162 hujusmodi
585 3081 757 3141 clausulam
777 3098 839 3142 non
854 3085 978 3143 tantum
993 3081 1101 3160 prohi-
1212 3145 1217 3156 κ

168 3174 270 3252 betur,
284 3178 315 3238 et
329 3179 495 3238 revocatur
507 3173 674 3254 appellatio
689 3171 811 3251 frivola,
824 3175 880 3234 sed
894 3174 988 3236 otiam
999 3173 1097 3254 justa,

169 3287 205 3329 ac
218 3268 367 3348 legitima,
382 3270 407 3330 si
423 3287 532 3332 canon
545 3268 584 3329 sit
600 3267 778 3346 specialiter
797 3267 826 3328 in
847 3266 918 3348 jure
938 3286 1097 3347 expressa,

168 3369 200 3423 et
224 3380 388 3438 concessa;
419 3362 551 3424 sienim
579 3365 701 3423 tantum
727 3360 848 3422 frivmae
871 3361 1099 3442 appellationes

167 3456 319 3538 perhanc
333 3455 505 3520 clausulam
520 3457 769 3534 removerentur,
785 3454 864 3515 nihil
882 3455 931 3516 vel
951 3456 1034 3517 certe
1045 3473 1099 3532 pa«
1190 3467 1193 3476 ’

220 3579 284 3623 rou.
304 3579 342 3620 nr.
434 3620 436 3623 ,
503 3575 506 3580 ‘
986 3565 1001 3636 t
