2578 4012
203 255 261 318 ΞΜ
411 263 640 314 rusmumouns
662 263 744 310 tunrs
766 262 922 310 erronica

203 427 401 492 quacumque
413 405 638 472 cousuetudine
653 406 686 468 in
697 406 890 468 contrarium
899 424 963 468 non
975 407 1135 470 obstante.

203 504 247 583 (S.
264 505 361 583 Cong.
377 521 464 564 conc.
483 503 521 563 l8
543 493 622 582 se‘pt.
647 499 749 578 losa.)
774 499 929 578 Obligatio
952 499 1137 560 celebrandi

200 613 257 676 pro
271 595 387 676 populo
406 597 453 657 est
466 593 658 674 personalis,
676 591 818 670 adeoque
833 609 896 654 non
911 595 1017 670 potest
1036 611 1136 670 paro-

200 687 277 750 chus
291 705 348 767 per
362 687 458 748 elium
476 685 550 747 huic
568 683 750 764 obligationi
776 683 973 762 satisfacere,
1000 689 1134 764 excepto

200 798 274 842 casu
292 777 508 859 impedimenti
521 777 653 857 legitimi
668 777 712 856 (S.
735 777 832 856 Gong.
849 779 887 838 27
908 777 987 838 febr.
1005 779 1082 842 1847
1100 781 1136 840 et

197 871 267 953 julii
284 873 385 951 1848),
397 875 477 932 -et
491 869 551 932 nisi
564 873 678 950 agatur
691 869 730 930 de
744 869 842 930 missa
864 869 1016 948 solemni,
1039 869 1135 950 juxta

199 963 486 1042 interpretationem
512 962 638 1024 illorum
663 961 863 1024 decretorum
888 980 908 1022 a
940 962 1133 1026 Gardellinio
1193 1014 1197 1020 .

200 1055 328 1118 datam:
350 1056 535 1118 «parochus
548 1057 651 1134 potest
666 1072 722 1133 per
740 1073 774 1116 se
792 1055 842 1115 vel
858 1073 916 1134 per
935 1055 1033 1116 alium
1051 1055 1132 1116 mis-

199 1167 266 1209 sam
281 1149 452 1210 solemnem
465 1165 522 1226 pro
539 1146 655 1224 populo
671 1146 848 1225 applicare,
874 1147 1001 1226 quando
1025 1147 1134 1227 agitur

197 1241 237 1301 de
251 1240 348 1302 missa
361 1239 511 1313 solemni3
529 1239 625 1304 debet
637 1255 713 1300 vero
727 1257 786 1319 per
797 1257 830 1300 se
846 1239 1007 1301 celebrare
1022 1239 1047 1300 si
1060 1241 1133 1319 agi-

195 1336 247 1394 tur
261 1334 300 1394 de
313 1333 409 1394 missu
419 1332 557 1411 privata,
575 1331 633 1392 nisi
648 1331 688 1393 sit
702 1331 840 1409 legitime
854 1331 1035 1412 impeditus.
1050 1355 1065 1390 n

235 1429 268 1486 2⁰
287 1427 399 1490 Utrum
418 1424 574 1504 parochus
595 1423 776 1486 infirmitate
802 1423 948 1486 detentus
963 1431 994 1486 et
1013 1425 1128 1490 diebus

197 1517 360 1578 dominicis
371 1516 478 1579 aliisve
494 1516 580 1578 lestis
595 1535 633 1577 ea
646 1515 685 1578 de
701 1535 798 1578 causa
809 1515 979 1595 impeditus
997 1517 1129 1580 missam

132 1603 135 1608 “
198 1609 375 1686 celebrare,
392 1611 536 1672 teneatur
549 1627 607 1686 per
619 1608 716 1670 alium
727 1609 889 1688 supplere,
905 1609 930 1670 si
946 1609 1028 1672 adsit
1047 1611 1129 1674 alius
1260 1677 1261 1680 ,

197 1700 363 1780 sacerdos,
378 1735 419 1746 -
433 1705 488 1764 eut
500 1703 572 1781 post
584 1704 804 1781 recuperatam
826 1701 995 1764 sanitatem
1013 1702 1128 1767 missas

197 1811 305 1856 omnes
317 1794 362 1856 sic
375 1812 438 1856 non
453 1793 624 1874 applicatas
638 1796 750 1855 offerre
765 1793 831 1873 ipse
852 1805 909 1875 pro
934 1796 1074 1876 populo?
1087 1831 1129 1844 -

197 1887 331 1966 Resp.S.
348 1889 445 1968 Gong.
455 1889 487 1951 G.
503 1887 689 1950 affirmative
700 1886 810 1948 adlam
819 1891 851 1950 et
864 1888 1008 1968 negative
1020 1889 1060 1950 ad
1070 1893 1128 1952 2¹¹³

197 1980 326 2061 (scilicet
346 1999 410 2042 non
431 1983 534 2060 potest
554 1982 720 2058 expectare
745 1979 931 2059 sanitatem,
955 1981 1011 2043 sed
1032 1982 1130 2046 debet

195 2091 253 2154 per
264 2073 361 2136 alium
373 2071 530 2152 supplere)
547 2066 596 2153 (lc
612 2072 679 2134 dec.
695 2071 839 2152 l859).-
846 2075 957 2136 Utrum
969 2075 1128 2154 parochus

195 2166 256 2227 iter
277 2165 404 2245 aliquod
427 2165 478 2226 die
503 2165 582 2227 festo
607 2183 704 2244 egens
719 2168 750 2227 et
765 2183 802 2228 eo
824 2164 875 2227 die
899 2166 1028 2230 missam
1044 2168 1128 2230 cele·

195 2257 287 2320 lrrere
301 2257 488 2337 prohibitus,
504 2257 633 2319 missam
648 2257 795 2320 omissam
809 2258 906 2320 altero
922 2258 972 2321 die
992 2277 1050 2340 pro
1068 2279 1128 2340 po-

193 2350 268 2430 pulo
284 2350 443 2412 celebrare
455 2351 620 2414 teneatur?
634 2352 727 2429 Resp.
739 2352 771 2414 S.
788 2353 884 2431 Gong.
903 2353 936 2414 G.
949 2352 1125 2430 parochum

77 2486 79 2491 -
192 2443 293 2504 teneri
311 2443 362 2503 die
376 2446 492 2504 statuto
507 2460 565 2520 per
579 2442 676 2503 alium
697 2443 859 2522 supplere,
886 2444 965 2506 citro
988 2445 1124 2526 speciale

194 2532 349 2595 indultum
361 2525 591 2596 sanctae‘Sedis.
609 2535 697 2614 (Eud.
714 2535 845 2617 declar.)

234 2627 266 2686 3⁰
285 2625 335 2688 Ad
357 2625 453 2688 dubia
473 2647 480 2688 ε
501 2627 525 2688 1.
550 2627 600 2688 An
623 2627 752 2708 parochi
780 2629 915 2693 debeant
945 2649 987 2694 ss.
1019 2632 1122 2696 missae

193 2719 382 2784 sacrificium
395 2737 452 2800 pro
465 2715 580 2800 populo
594 2722 706 2782 offerre
723 2720 834 2784 diebus
849 2723 1013 2788 dominicis
1034 2729 1066 2788 et
1084 2727 1122 2788 iis

192 2814 287 2876 etiam
301 2813 386 2876 festis
399 2813 510 2875 dicbus
520 2812 573 2893 qui
585 2831 642 2895 per
651 2813 807 2876 indultum
817 2821 917 2895 apost.
928 2816 990 2897 (die
999 2821 1019 2881 9
1028 2819 1119 2898 april.

193 2907 282 2988 1802)
305 2907 464 2988 suppressi
487 2910 575 2984 sunt,
604 2907 677 2969 licet
699 2907 793 2988 hujus
819 2909 1016 2989 obligationis
1040 2923 1145 2976 nova¹
1187 2945 1190 2951 ,

192 3000 402 3082 promulgatio
421 3004 451 3063 et
464 3000 611 3080 episcopo
626 2999 806 3064 dioecesano
819 3020 881 3066 non
895 3003 974 3065 flat?

231 3095 268 3156 ll.
292 3096 342 3157 An
359 3093 551 3155 consuetudo
570 3111 711 3174 unquam
724 3093 864 3173 legitima
886 3096 995 3158 haberi
1010 3097 1118 3179 possit,

191 3187 222 3249 vi
250 3187 339 3268 cujus
364 3185 495 3266 parochi
523 3204 586 3249 non
615 3187 774 3267 applicent
801 3205 859 3268 pro
880 3190 996 3268 populo
1017 3192 1119 3254 missa

189 3279 377 3342 sacrificium
391 3283 446 3342 aut
459 3279 622 3344 dominicis
641 3282 696 3342 sut
717 3277 829 3341 saltem
851 3283 1010 3362 praedictis
1033 3274 1118 3346 'festis

189 3368 300 3431 diebus
312 3371 508 3452 suppressis?

228 3460 280 3524 111.
304 3465 351 3525 Au
362 3462 490 3544 parochi
502 3462 560 3544 ipsi
573 3461 675 3526 missae
687 3463 790 3528 sacrif.
807 3481 864 3548 pro
877 3467 993 3549 populo
1005 3471 1115 3536 afferre
