2586 4020
396 285 434 330 un
457 285 596 332 excurro
618 285 769 338 occissus
791 287 896 335 srurc.
1055 274 1111 334 185

66 457 71 464 ·
177 426 270 491 facto.
296 428 390 489 Plura
405 430 489 490 enim
502 430 585 491 facta
606 430 804 510 contigerunt
825 436 953 510 propter
974 449 1045 512 quae
1060 433 1110 493 vel

179 521 285 600 aliqua
304 522 431 600 politica
444 523 615 585 auotoritas
638 523 770 584 accessit
784 525 934 605 potestati
949 525 1111 586 ecclesias-

178 613 260 691 ticae,
277 614 355 675 vele
379 619 490 677 contra
504 614 610 695 aliqua
625 615 786 694 provincia
801 617 832 675 in
854 635 887 676 ra
901 616 1110 678 ecclesiastica

178 724 326 768 concessa
341 710 388 769 est
399 707 534 787 politicae
551 707 728 770 auctoritati
743 728 749 768 :
764 709 807 770 ita
821 728 859 768 ex
871 710 953 771 facto
964 710 1110 788 quaedam

178 799 388 879 competentia
402 800 533 861 accessit
553 800 677 880 utrique
692 801 880 879 auctoritati,
896 802 1040 882 quamde
1055 820 1109 862 na-

177 894 249 953 tura
263 911 320 954 sua
335 911 398 953 non
411 894 559 955 habebat.

218 986 281 1047 Sed
304 985 427 1047 diverso
443 986 537 1048 modo
550 987 651 1065 potuit
663 987 813 1048 accedere
833 987 960 1066 politica
974 989 1108 1050 auotori-

180 1081 229 1140 tas
250 1077 435 1140 hierarchiae
451 1079 679 1156 ecclesiasticae,
704 1080 765 1141 alio
787 1081 882 1142 modo
905 1099 980 1142 vero
1004 1082 1109 1161 aliqua

178 1174 316 1251 potestas
342 1173 374 1230 iu
387 1190 421 1232 re
437 1173 647 1234 ecclesiastica
658 1173 760 1250 potuit
773 1173 924 1234 accedere
939 1174 1023 1235 civili
1040 1193 1107 1234 ma-

174 1263 291 1345 jestati.
318 1264 467 1325 Potestati
488 1263 705 1326 ecclesiastica
730 1265 831 1343 potuit
845 1265 994 1348 accedere
1010 1266 1107 1328 civilis

177 1355 369 1435 principatus
386 1375 448 1418 non
460 1361 583 1426 tantum
600 1355 671 1437 jure
693 1358 830 1437 quodam
844 1358 996 1436 mandati,
1010 1359 1054 1420 ita
1073 1362 1108 1420 ut

176 1449 208 1509 in
231 1448 336 1528 aliqua
355 1453 444 1526 parte
459 1454 700 1528 repraesentaret
712 1447 861 1529 principis
876 1450 1103 1528 auctoritatam,

176 1541 226 1601 vel
247 1540 354 1619 aliqua
367 1541 494 1620 negotia
509 1540 612 1603 civilia
636 1546 769 1621 gereret,
787 1547 946 1628 exerceret
961 1542 999 1603 de
1016 1560 1106 1604 man-

176 1632 250 1694 dato
262 1634 422 1713 principis,
440 1634 603 1697 sedetiam
616 1635 687 1715 jure
703 1635 841 1715 quodam
853 1635 980 1715 proprio
996 1638 1027 1696 et
1042 1636 1106 1696 ori·

175 1725 296 1805 ginario
310 1727 351 1787 ab
365 1727 432 1807 ipso
448 1729 511 1789 Deo
527 1728 696 1805 derivatus,
711 1747 773 1790 non
788 1747 877 1788 secus
892 1746 929 1788 ao
947 1727 1035 1788 illum
1050 1728 1104 1788 ha·

174 1819 358 1881 bentoaeteri
368 1819 562 1899 principesin
572 1820 741 1898 republica.
753 1820 938 1898 Exemplum
949 1820 1103 1880 habemus

175 1909 235 1973 hac
247 1912 279 1972 in
291 1931 325 1972 re
337 1913 369 1971 in
386 1912 487 1974 feudis
506 1931 575 1992 quae
590 1915 742 1990 perpetuo
757 1913 878 1972 adnexa
897 1915 969 1972 sunt
985 1913 1103 1991 episco-

174 2004 261 2083 patui
280 2007 311 2066 et
336 2005 470 2066 abbatiae
496 2005 697 2083 germanicae,
728 2004 760 2063 in
784 2003 922 2064 dominio
938 2005 1104 2083 temporali

173 2097 320 2158 Ecclesiae
334 2115 484 2159 romanae.

210 2189 300 2250 Ratio
316 2193 363 2251 est
372 2190 447 2270 quia
462 2208 534 2250 cum
549 2191 634 2250 nulla
649 2189 781 2250 societas
797 2189 895 2251 civilis
909 2191 941 2251 in
954 2194 1100 2253 concreto

172 2281 379 2344 determinata
391 2283 431 2345 sit
445 2287 587 2344 enatura
597 2284 629 2342 in
641 2281 778 2362 quodam
793 2281 1000 2343 determinato
1013 2282 1102 2343 terri-

169 2374 260 2451 torio,
275 2376 334 2436 sub
346 2375 484 2454 quadam
498 2375 706 2436 determinata
723 2373 885 2454 regiminis
902 2373 1014 2450 forma,
1038 2392 1100 2436 non

170 2469 218 2528 est
235 2467 285 2526 ,illi
308 2467 473 2529 essentiale
495 2467 654 2548 quoddam
668 2465 910 2528 determinatum
924 2467 1101 2547 subjectum

170 2558 377 2636 auctoritatis,
391 2562 427 2619 ut
449 2560 582 2620 alterum
597 2560 636 2622 ab
661 2559 713 2620 illo
736 2559 897 2620 diversum
917 2576 981 2620 non
1003 2558 1101 2638 possit

168 2651 308 2730 legitimo
332 2651 427 2712 modo
444 2651 517 2731 jura
532 2649 703 2733 majestatie
716 2652 776 2714 sibi
798 2652 1014 2731 praescribere,
1044 2652 1100 2713 sed

169 2743 262 2805 debet
276 2743 397 2822 concipi
410 2745 549 2823 legitima
561 2743 642 2806 actio
652 2744 745 2825 hujus
755 2745 829 2806 novi
841 2744 974 2825 subjecti
991 2748 1099 2806 aucto-

164 2834 275 2913 ritatis,
303 2839 454 2916 tanquam
475 2837 500 2896 si
524 2836 563 2896 de
588 2837 736 2898 mandato
752 2837 901 2916 primitivi
918 2837 1002 2897 illius
1023 2835 1099 2896 sub-

163 2927 239 3008 jecti
254 2933 361 3006 agaret
372 2929 461 3008 cujus
473 2928 546 3008 jura
564 2933 668 2990 essent
681 2929 975 3008 imprescriptibilia,
988 2929 1098 2989 inalie-

167 3021 294 3098 nabiiia,
320 3021 536 3084 immutabilia.
566 3021 628 3083 Sed
653 3023 806 3082 semelae
831 3023 975 3102 quaedam
999 3019 1096 3081 civilis

167 3112 298 3174 societas
306 3113 445 3193 legitimo
456 3114 550 3175 modo
561 3114 593 3174 in
606 3117 751 3176 concreto
762 3117 887 3176 actuata
895 3113 1097 3176 etconstituta

166 3205 333 3268 etfi1mata
347 3206 396 3284 sit,
414 3206 583 3286 adimpleta
598 3207 651 3267 illa
667 3206 844 3267 conditione
857 3224 952 3285 quam
964 3205 1097 3286 requirit
1184 3225 1186 3230 ·

165 3301 277 3359 natura
287 3302 321 3360 ut
330 3298 362 3358 in
370 3299 451 3361 facto
463 3299 560 3360 civilis
568 3299 622 3360 illa
632 3299 800 3360 auctoritas
812 3302 969 3378 exsurgat,
981 3311 1050 3379 quae
1063 3299 1095 3360 iu

164 3389 320 3452 abstracto
347 3391 555 3454 determinata
569 3395 617 3454 est
639 3395 800 3468 enatura,
819 3391 1007 3472 quicumque
1020 3392 1094 3472 legi-

164 3481 239 3545 time
251 3483 396 3564 imporat,
407 3484 477 3565 jure
488 3484 606 3563 divino,
610 3483 682 3565 jure
692 3483 1011 3564 naturaliimperabit,
1020 3485 1093 3567 jure
