2578 4012
179 273 237 334 1118
384 286 614 334 rusrrrunoues
634 287 719 334 runs
740 288 895 336 cssonrnr.

178 447 239 508 qne
251 428 424 491 credendas
433 431 725 509 supernaturalibus
740 429 859 492 viribus
871 431 981 510 gratia
995 431 1108 493 huma-

177 539 251 581 nam
264 524 409 583 naturam
420 523 553 598 elevare,
571 522 658 584 etsie
673 523 712 582 ad
727 523 822 582 finem
834 524 1107 602 supernaturalem

177 613 333 676 ordinare.
351 614 440 676 Unde
455 615 508 694 qui
523 614 702 676 innaturali
717 617 839 676 tentum
852 615 961 677 ordine
977 635 1106 677 manere

175 705 286 781 vallet,
309 723 372 766 non
394 711 476 766 esset
497 705 530 766 in
552 705 662 768 ordine
683 724 702 766 a
720 708 784 768 Deo
799 705 930 784 positive
952 707 1059 784 volito,
1075 715 1108 769 et

178 797 286 860 devius
303 815 392 859 asao
403 798 513 860 ultimo
528 797 590 859 fine
604 799 705 872 foret3
722 797 1002 878 proptereaipsum
1014 803 1107 861 natu-

177 891 243 952 rale
262 890 538 970 obsequiamerga
558 893 659 952 Deum
674 894 705 953 et
718 891 799 951 illius
814 891 966 952 uoluntati
988 895 1019 951 et
1036 892 1106 970 ipsa

176 981 326 1060 obligatio
348 981 508 1044 obtinendi
518 982 615 1045 finem
627 983 776 1062 importat
792 983 935 1045 ordinem
953 1002 1105 1062 superna-

174 1073 319 1135 turalem.

214 1166 297 1228 Ordo
316 1166 564 1245 supernaturalis
573 1167 618 1229 sic
633 1167 736 1229 affecit
750 1168 891 1229 ordinem
906 1168 1099 1245 naturalem,

174 1263 210 1320 ut
223 1258 275 1339 qui
289 1258 322 1319 in
337 1278 436 1320 unum
448 1261 638 1339 peccaverit,
653 1261 685 1320 in
702 1261 835 1322 alterum
850 1264 958 1338 peccet
977 1280 1103 1322 neeesse

174 1357 221 1413 est
237 1371 245 1424 ;
261 1351 339 1431 ipsa·
351 1351 435 1412 enim
458 1353 535 1415 ordo
550 1353 701 1414 naturalis
713 1352 856 1432 praecipit
872 1352 1103 1416 observantiam

174 1442 292 1505 ordinis
314 1444 558 1522 supernaturalis
579 1444 611 1504 in
633 1445 788 1506 abstracto
810 1462 867 1522 pro
889 1444 1034 1505 omnihus
1048 1491 1057 1522 ‚
1071 1445 1103 1505 in

174 1538 319 1597 concreto
332 1552 389 1614 pro
401 1535 439 1597 iis
452 1536 505 1616 qui
520 1536 608 1597 illum
622 1538 776 1599 noverint.

560 1674 680 1716 coronaris.

213 1781 246 1838 1ο
265 1779 348 1858 Ergo
364 1779 450 1840 nulla
464 1779 597 1841 societas
617 1779 764 1860 religiosa
782 1784 884 1860 potest
905 1780 1100 1842 cohonestari

173 1889 212 1931 ex
224 1889 261 1933 eo
272 1872 357 1952 quod
371 1871 414 1932 nil
429 1871 588 1934 contineat
602 1872 774 1952 eontrajus
787 1874 939 1934 naturale.

211 1967 242 2024 2⁰
264 1964 415 2036 Qualibet
430 1964 717 2043 societasreligiosa
732 1983 802 2045 quae
817 1983 880 2026 non
893 1964 1100 2044 reciperatio-

163 2060 294 2135 tagram
317 2055 456 2117 divinam
477 2056 700 2118 revelationem
726 2057 758 2117 in
787 2061 948 2134 concreta,
975 2058 1100 2136 qualem

170 2149 253 2210 Deus
266 2146 445 2209 hominihus
459 2149 591 2226 dederit,
608 2167 669 2210 non
680 2151 784 2228 potest
801 2149 997 2210 cohonestari
1010 2169 1047 2210 ex
1062 2168 1099 2210 eo

169 2240 255 2320 quod
271 2241 422 2302 nonnulla
437 2242 541 2320 capita
549 2242 708 2321 praecipua
717 2242 915 2303 revelationis
928 2242 1067 2320 recipiat.

207 2336 239 2394 3⁰
262 2333 414 2406 Quaelihet
426 2334 559 2396 societas
571 2352 640 2413 qua
654 2351 717 2393 non
731 2333 771 2395 sit
777 2334 926 2420 ‘instituta
939 2335 1099 2395 cohaeren-

169 2425 268 2486 terad
282 2426 420 2487 divinam
433 2426 666 2502 revelationem,
683 2423 855 2504 parimodo
867 2426 1027 2506 illegitima
1039 2431 1096 2505 est,

170 2536 228 2579 neo
239 2520 341 2596 potest
351 2518 492 2579 excusari
509 2537 546 2579 ex
561 2536 597 2580 eo
614 2518 698 2596 qnod
713 2518 844 2598 recipiat
858 2519 996 2580 divinam
1009 2538 1099 2581 reve-

169 2607 330 2671 lationem.

522 2713 679 2776 lheorema
700 2717 750 2778 lli.

208 2863 260 2923 111.
283 2859 417 2922 Ecclesia
433 2858 576 2921 catholiea
594 2880 715 2922 romana
734 2869 776 2924 est
797 2862 857 2922 sala
883 2864 1002 2924 sacietas
1027 2863 1097 2928 reli-

168 2955 249 3035 giosa
268 2951 534 3035 supernaturaliter
550 2974 570 3013 a
591 2953 652 3014 Deo
669 2954 805 3015 instituta
823 2962 962 3035 tanquam
980 2955 1096 3016 unicam

167 3047 294 3108 mediam
302 3045 576 3109 obtinendaeaalatis
584 3055 702 3108 aermnae
711 3046 810 3108 ultimi
818 3047 898 3128 finio.
911 3047 1000 3110 Ratio
1009 3051 1096 3128 patet

169 3159 208 3201 ex
220 3140 363 3204 omnibus
377 3138 502 3204 motivis
515 3139 740 3202 eredibilitatis.

570 3273 695 3315 corollaria.

209 3377 239 3435 1⁰
259 3377 342 3453 Ergo
365 3394 473 3438 omnes
493 3377 657 3438 societates
671 3375 824 3456 religiosae
837 3395 906 3458 quer
921 3395 983 3438 non
998 3377 1094 3456 perti-

167 3473 263 3530 neant
275 3466 315 3527 ad
325 3467 496 3530 Ecclesiam
506 3468 692 3530 catholicam
708 3513 716 3545 ,
734 3486 803 3547 quae
816 3469 1089 3546 sintecatholioae,
