2578 4012
195 247 254 310 238
405 258 634 307 msnrumonns
654 259 737 306 roms
758 257 914 306 11111111.

195 405 277 481 latis,
293 408 325 466 11
337 403 521 465 examinatis
535 403 693 464 nonnullis
707 403 839 465 testibus
860 419 955 484 super
969 406 1125 486 absentia,

195 503 317 560 tantum
344 515 407 558 non
433 499 558 558 servata
580 496 681 557 forma
704 515 791 557 eone.
814 497 1004 576 Tridentini,
1023 519 1047 562 s.
1072 505 1124 580 24,

195 611 222 654 o.
241 594 289 653 12.
303 592 334 652 S.
346 592 442 668 (long.
460 590 493 649 G.
511 587 632 650 oensuit
646 587 825 668 hujusmodi
840 590 1048 668 privationem
1061 613 1127 656 non

197 687 320 746 servata
345 683 429 742 dieta
451 682 553 742 forma
576 699 643 741 esse
666 681 794 742 nullam.
820 681 933 760 (Martii
948 686 1052 765 1587.)
1068 687 1127 748 Hio

198 777 274 840 ordo
286 795 305 836 a
320 777 352 836 G.
367 774 452 835 rrid.
466 774 665 852 praescriptus
676 777 723 835 est
734 777 768 834 ut
776 774 876 852 primo
887 794 970 837 anno
978 778 1126 841 absentes

197 871 278 931 ultra
296 874 360 928 tres
375 885 498 928 menses
519 867 682 944 priventur
696 866 825 927 dimidia
848 871 937 947 parte
950 870 1123 952 fruetuum,

197 980 276 1042 qnos
289 959 409 1022 ratione
425 959 519 1020 etiam
532 958 710 1037 praebenda
724 959 865 1022 11111111
884 979 968 1039 suos,
984 965 1126 1028 seeundo

198 1072 290 1130 anno,
307 1053 334 1112 si
348 1052 460 1112 eadem
475 1051 521 1111 usi
537 1050 653 1111 fuerint
668 1051 869 1130 negligentia,
885 1053 1048 1132 priventur
1058 1075 1126 1118 om·

197 1147 289 1208 nibus
302 1143 454 1206 fructibus
468 1143 550 1204 illius
566 1143 656 1218 anni,
673 1163 710 1204 ao
732 1144 859 1205 demum
878 1151 1036 1210 crescente
1049 1167 1127 1211 oon·

196 1239 344 1316 inmania,
358 1235 402 1298 ita
411 1240 446 1299 ut
456 1236 551 1298 etiam
562 1236 655 1299 tertio
667 1255 750 1298 anno
761 1237 898 1298 residere
917 1240 1124 1320 neglexerint,

196 1331 313 1412 privari
337 1330 457 1409 possint
479 1333 511 1391 11
534 1329 671 1392 debeant
694 1329 761 1409 ipso
784 1329 936 1392 beneficio
965 1349 1020 1394 seu
1043 1351 1127 1414 prae-

196 1425 311 1486 banda.

236 1517 269 1578 2⁰
291 1519 393 1589 Ouum
407 1516 535 1595 quidam
551 1515 719 1577 eanonicus
738 1514 806 1595 jam
829 1515 869 1577 ab
894 1517 982 1578 annis
1005 1521 1023 1578 7
1046 1517 1127 1580 resi-

199 1609 338 1672 dentiam
361 1627 450 1669 suam
476 1607 659 1684 deseruerit,
676 1610 770 1689 atque
789 1608 920 1669 servatis
939 1611 1081 1672 terminis
1104 1630 1125 1672 a

198 1702 231 1764 G.
246 1701 331 1763 Trid.
344 1699 544 1781 praescriptis,
561 1698 715 1762 fructibus
729 1699 823 1760 fuerit
837 1701 987 1779 privatus,
1003 1703 1126 1781 episeo-

198 1812 337 1876 puseum
349 1812 411 1855 non
423 1811 515 1872 posse
526 1791 703 1870 exspoliari,
716 1811 814 1872 quum
829 1795 912 1854 esset
921 1795 1125 1857 canonieatus

199 1887 375 1966 assignatus
393 1886 483 1948 titulo
505 1883 684 1965 patrimonii
705 1884 786 1946 saori
801 1903 862 1965 quo
876 1885 936 1948 fuit
950 1887 1124 1966 ordinatus,

199 1980 342 2042 eredidit.
367 1982 398 2041 S.
414 1981 450 2041 6.
467 1981 573 2039 tamen
592 1977 698 2038 looum
722 1995 789 2038 esse
803 1977 972 2057 privationi
995 1979 1128 2042 servatis

199 2073 239 2134 de
250 2072 322 2152 juro
335 2069 497 2132 servandis
506 2068 648 2130 sanoivit.
663 2069 713 2148 (30
726 2068 800 2129 maii
815 2070 917 2150 1666.)

239 2167 271 2226 3⁰
290 2163 340 2226 Ad
354 2163 501 2226 dubium:
512 2180 564 2238 an,
579 2161 714 2242 eoquod
728 2161 897 2224 eanonious
912 2162 1025 2225 absens
1034 2163 1129 2227 111111

199 2255 300 2338 spatio
315 2255 451 2334 plurium
466 2271 631 2328 annorum,
648 2253 760 2333 quihus
773 2253 885 2333 elapsis
898 2253 991 2318 luerit
1005 2259 1129 2320 tontum

200 2349 348 2427 monitus,
377 2350 483 2410 111111
505 2347 608 2408 eidem
630 2345 782 2407 terminus
807 2345 902 2407 trium
927 2365 1082 2412 annorum
1109 2365 1129 2408 a

202 2461 289 2504 oono.
302 2440 389 2503 Trid.
405 2439 552 2516 indietus,
568 2437 619 2500 vel
633 2456 688 2498 sex
701 2437 856 2498 mensium
871 2455 890 2498 a
903 2437 954 2499 die
963 2439 1125 2518 absentiae,

200 2534 249 2597 vel
262 2552 281 2592 a
293 2532 344 2593 die
353 2532 463 2610 primae
478 2529 678 2592 monitionis?
688 2531 720 2591 S.
738 2532 770 2591 G.
784 2529 946 2609 respondit
961 2551 968 2592 :
985 2531 1126 2610 lneipere

200 2623 370 2690 triennium
384 2641 403 2684 a
418 2622 468 2684 die
481 2622 641 2684 absentias.
657 2622 707 2701 (11
718 2641 791 2685 nov.
810 2621 911 2702 1671.)

240 2722 276 2778 lo
296 2719 345 2780 An
358 2717 509 2778 adversus
524 2715 708 2777 canonicum
720 2733 783 2777 non
797 2715 987 2778 residentem
996 2715 1126 2794 prooedi

201 2809 300 2893 possit
312 2809 352 2870 ad
366 2808 574 2890 privationem
585 2814 657 2886 post
666 2807 790 2886 lapsum
809 2806 905 2869 trium
918 2808 1073 2872 mensium
1095 2811 1128 2870 11

201 2905 285 2967 11111
307 2902 392 2964 tertii
418 2901 503 2978 anni,
518 2900 569 2961 vel
584 2899 812 2980 expectandum
826 2900 910 2982 quod
926 2901 1128 2980 praeteriisset

201 2997 312 3060 tertius
328 3014 428 3056 annus
442 2993 629 3072 integerl'S.
640 2995 673 3056 G.
690 2993 851 3072 respondit
868 3012 875 3054 z
890 2992 1126 3072 Expectandum

202 3107 270 3152 esse
283 3087 453 3151 triennium
465 3084 666 3165 completum.
685 3085 731 3164 (rl
747 3085 821 3145 maii
835 3083 936 3164 lova.)
1116 3097 1119 3103 ·

242 3180 463 3242 Declaraverot
474 3180 506 3244 S.
524 3179 558 3239 G.
576 3177 695 3237 nnllam
708 3176 824 3256 requiri
839 3175 1053 3252 lieentiamad
1066 3175 1127 3241 hoc

203 3279 239 3333 ut
256 3271 396 3333 eanonioi
412 3269 532 3350 possint
546 3269 655 3331 abesse
679 3269 711 3329 in
727 3267 886 3328 mensibus
898 3285 918 3328 a
930 3287 1018 3334 eone.
1039 3269 1125 3335 rrid.

204 3363 377 3445 permissis;
393 3362 450 3423 ssd
464 3361 532 3422 haeo
544 3358 713 3422 deelaratio
728 3377 790 3421 non
801 3357 941 3426 vindieat
954 3361 1127 3426 sibilorum

205 3452 326 3540 quoties
348 3452 491 3514 eanonioi
513 3452 623 3514 abesse
640 3449 750 3514 volunt
771 3453 860 3520 extro
879 3451 1062 3541 diocesim,
1090 3471 1128 3526 ae
