2584 4022
175 291 214 349 62
382 301 612 350 rnsrrrurronss
632 302 715 350 sonis
735 303 890 350 censuros.

174 463 247 506 men
265 443 433 523 confessae,
448 444 474 507 si
489 447 575 508 nulla
589 463 698 509 eorum
717 446 867 525 praecedit
884 445 1032 523 infamia,
1050 448 1104 508 aut

174 537 309 612 indicia;
327 557 364 600 eo
374 538 442 618 ipso
454 539 548 616 enim,
562 540 647 620 quod
659 539 777 600 crimen
789 538 841 600 hic
850 538 922 600 talis
935 539 974 599 de
986 556 1019 600 se
1033 557 1104 601 con-

174 630 285 708 scaeua,
295 631 430 710 infamis,
448 635 479 693 et
489 631 558 693 vilis
568 651 703 712 persona
712 631 875 709 habeatur,
885 631 999 693 nullius
1010 632 1104 693 etiam

174 724 247 786 fidei
260 728 306 787 est
320 724 402 786 illius
412 729 522 787 contra
537 727 613 787 alios
628 725 853 802 testimonium,
868 724 927 785 nisi
943 724 1105 786 criminae

171 817 243 900 jure
257 818 467 897 sintoxcepta,
481 819 529 880 uti
543 822 616 882 suut
628 817 760 880 crimina
773 816 856 879 bono
869 817 993 896 publico
1012 818 1104 879 valde

174 909 361 990 perniciose,
386 911 503 972 crimen
518 911 600 972 laesae
615 909 805 991 majestatis,
822 910 939 972 crimen
959 909 1101 987 haeresis,

176 1005 293 1064 crimen
306 1003 460 1080 veneficii,
473 1022 528 1065 seu
538 1003 662 1082 magias,
677 1003 795 1064 crimen
801 1003 966 1080 latrocinii,
979 1009 1010 1064 et
1019 1021 1104 1084 gras-

174 1095 303 1158 sationis
320 1113 377 1175 per
387 1094 456 1158 vias
472 1095 626 1174 publicas,
642 1096 761 1158 crimen
775 1095 1102 1175 sacrilegiisimouiac,

175 1188 261 1250 falsae
284 1191 442 1266 moneta,
470 1188 645 1266 assassinii,
673 1188 762 1266 furti,
780 1195 853 1268 etc,
877 1188 1041 1268 inquibus
1065 1189 1104 1249 de

175 1281 267 1343 sociis
287 1281 476 1362 interrogari
491 1282 692 1362 permittunt,
710 1285 741 1344 et
758 1281 881 1364 jurari,
904 1282 949 1342 uti
965 1282 1059 1343 etiam
1073 1281 1105 1341 in

166 1375 295 1439 delictis
308 1375 455 1453 occultiS,
477 1381 508 1436 et
523 1374 657 1437 dilllcilis
667 1375 871 1455 probationis,
887 1375 1045 1455 inquibus
1066 1375 1104 1435 de

175 1467 307 1530 veritate
318 1470 463 1530 constare
481 1468 533 1528 vix
547 1471 660 1547 potest,
678 1467 737 1528 nisi
749 1466 926 1546 persocios,
941 1468 1033 1548 quale
1046 1467 1106 1529 cri-

175 1579 249 1623 men
263 1566 311 1622 est
322 1560 441 1622 crimen
463 1559 686 1640 conjurationis
701 1562 732 1622 et
744 1561 982 1640 conspirationis
998 1563 1106 1622 contra

176 1654 388 1733 superiorem,
404 1656 481 1730 etc,
497 1655 528 1715 et
550 1653 582 1714 in
598 1653 738 1732 delictis,
754 1654 921 1735 dequibus
942 1673 980 1714 ex
994 1657 1106 1716 natura

176 1747 232 1826 rei,
249 1747 300 1810 vel
319 1764 358 1808 ex
379 1745 621 1810 circumstantiis
642 1749 780 1824 constat,
799 1747 884 1828 quod
896 1747 1013 1828 absque
1029 1747 1106 1808 alte-

175 1841 240 1903 rius
252 1839 403 1902 mendcio
418 1839 534 1902 omissa
545 1858 608 1901 non
619 1839 692 1918 sint,
708 1842 763 1902 aut
776 1840 842 1902 sine
855 1840 939 1903 socio
954 1839 1106 1904 committi

176 1933 385 2013 nonpossint,
407 1951 465 1994 nec
485 1933 616 2010 soleant,
634 1937 694 1996 etc.

215 2029 256 2089 Ut
276 2029 381 2088 autam
400 2025 432 2085 in
458 2025 512 2086 his
527 2025 623 2088 etiam
646 2024 772 2089 casibus
789 2025 924 2109 juridice
941 2023 1039 2109 judex
1066 2023 1105 2088 de

175 2119 267 2180 sociis
279 2119 437 2198 inquirere
452 2118 491 2180 de
511 2137 545 2180 se
561 2118 738 2182 confessum
750 2121 866 2200 possit,
880 2119 982 2200 primo
1001 2118 1106 2200 requi-

175 2212 297 2275 riturut
307 2211 406 2294 judex
420 2230 483 2274 non
493 2211 666 2292 interroget
681 2211 840 2292 inspecie,
853 2212 963 2275 dehoc
977 2212 1028 2275 vel
1037 2212 1102 2288 illo,

177 2310 249 2386 etc,
266 2307 321 2368 sed
331 2309 454 2369 tantum
467 2306 500 2368 iu
512 2325 627 2386 genere
640 2306 690 2389 (ue
703 2307 848 2370 videatur
859 2305 957 2388 judex
967 2324 1029 2367 non
1039 2308 1105 2366 tam

175 2400 333 2482 inquirere
349 2401 387 2462 de
407 2402 498 2464 sociis
514 2401 662 2479 criminis,
689 2419 783 2482 quam
809 2419 978 2481 suggerere
996 2402 1106 2462 contra

176 2494 1106 2574 quosfateridebeat),nisilegitimaepraesumptiouescontra

177 2586 295 2646 certam
306 2584 505 2662 aliquamper
514 2603 623 2646 sonam
633 2591 822 2665 pugnarent.
835 2588 991 2665 Secundo,
1004 2583 1105 2668 requi·

176 2676 255 2738 ritur
268 2678 303 2736 ut
316 2673 387 2736 talis
404 2675 598 2737 denuntiatio
617 2678 773 2740 sociorum
790 2697 848 2758 per
861 2683 1016 2742 torturam
1031 2696 1107 2741 con-

176 2767 291 2832 fitentis
305 2767 400 2830 etiam
414 2769 617 2831 confirmetur
632 2769 728 2850 (utne
742 2772 848 2833 varius
868 2777 899 2835 et
913 2774 1063 2836 vacillans
1073 2772 1105 2832 in

175 2863 229 2926 tali
244 2861 479 2925 denuntiatione
500 2861 679 2942 videatur),
699 2883 794 2944 quam
813 2869 923 2945 postea
945 2886 964 2928 a
984 2869 1106 2928 tortura

176 2957 256 3021 liber
271 2960 382 3037 sponte
398 2955 541 3018 ratificat.
559 2955 674 3033 Tertio,
688 2957 858 3038 requiritur
876 2962 911 3020 ut
926 2951 1104 3040 juramento

177 3054 339 3114 confirmet
349 3049 616 3112 denuntiationem
629 3049 704 3112 socii
718 3049 867 3128 criminis,
876 3049 949 3131 quia
958 3049 1028 3112 testi
1039 3050 1105 3110 sine

172 3143 351 3224 juramento
367 3144 546 3224 deponenti,
561 3145 665 3206 necin
677 3143 830 3220 civilihuS,
844 3163 902 3204 nec
916 3143 948 3204 in
959 3141 1106 3204 crimina·

175 3237 396 3299 libushabetur
404 3237 493 3315 tides,
506 3237 564 3299 nisi
573 3237 731 3300 contraria
739 3237 811 3300 alibi
819 3236 1012 3299 consuetudo
1020 3233 1105 3296 aliud

176 3329 302 3394 habeat.
320 3332 448 3410 Quarto,
464 3331 636 3411 requiritur
649 3338 684 3394 ut
704 3330 891 3394 denuntians
911 3329 1031 3392 socium
1047 3328 1106 3390 cri·

176 3422 495 3500 mimendensem
511 3424 572 3486 hoc
587 3429 677 3505 gerat
694 3421 906 3504 inimicitiam,
925 3427 960 3488 ut
976 3443 1015 3485 ne
1036 3422 1105 3485 rin-

177 3515 519 3602 distemperas,
547 3535 642 3599 quam
666 3518 806 3586 veritatis
830 3538 936 3586 amore
960 3519 1104 3611 videatur
