2584 4022
594 219 633 268 nn
654 219 791 270 eunucus.
1117 209 1151 273 ll

221 367 340 447 tentiae,
357 365 423 432 sive
433 381 574 430 censure
588 367 851 445 observationem,
870 367 915 431 ita
926 366 1155 432 ecclesiasticus

222 461 318 523 etiam
324 461 437 543 juvare
450 461 546 523 debet
559 460 743 524 secularem
753 461 795 522 ad
805 461 1021 524 executionem
1031 468 1155 525 senten·

222 555 273 616 tiae
289 573 308 614 a
326 573 359 615 sa
371 554 459 630 latae,
477 552 616 614 censuris
632 554 727 616 ctiam
742 552 957 632 compellendo
971 553 1155 618 damnatum

224 647 265 708 ad
275 645 526 710 observationem
540 647 702 708 sententiae
715 645 1002 726 assecularijudicc
1014 647 1097 726 latae,
1110 648 1155 712 ite

223 743 340 818 tamen,
358 743 393 802 ut
413 739 641 801 ecclesiasticus
651 739 749 820 judex
762 739 848 819 prius
863 739 1042 802 examinare
1056 741 1155 820 possit

222 850 405 913 processum
419 850 438 893 a
452 831 558 912 judice
575 832 718 894 saeculari
731 832 849 894 lactum
863 836 1014 912 tanquam
1029 833 1089 896 hoc
1102 854 1155 896 su·

221 926 336 1006 perior,
349 945 412 988 nou
424 929 528 987 tamen
541 925 869 1006 saecularis,tenquam
878 925 1018 1004 inferior,
1028 944 1152 1007 proces·
1227 954 1230 960 ¹

221 1038 291 1082 sum
306 1020 346 1080 ab
357 1018 567 1082 ecclesiastico
575 1018 682 1100 judice
695 1019 824 1080 factum.

262 1112 386 1186 Quodsi
401 1115 507 1173 tamen
522 1111 562 1172 ad
581 1112 763 1173 universum
775 1111 871 1172 finem
884 1111 1017 1177 tendant
1028 1113 1153 1176 diversa

217 1204 348 1287 judicia,
361 1207 433 1265 ecta
444 1205 476 1264 in
491 1223 555 1265 unc
566 1203 686 1285 judicio
698 1223 761 1265 non
774 1205 910 1284 probant
921 1204 954 1265 in
969 1205 1079 1283 altero,
1094 1225 1152 1270 nec

220 1298 316 1358 fidem
327 1297 498 1374 faciunt,et
516 1296 590 1358 hinc
604 1296 630 1357 si
645 1314 752 1358 coram
767 1295 874 1376 judice
889 1298 1031 1358 seculari
1047 1301 1152 1362 actum

219 1389 279 1451 fnit
288 1390 329 1450 ad
343 1407 472 1468 poenam
483 1389 636 1470 legalem,
654 1407 717 1450 non
732 1390 867 1468 probant
881 1390 993 1451 eadem
1014 1395 1085 1454 acta
1098 1410 1152 1455 co·

221 1501 290 1544 ram
299 1481 407 1564 judice
427 1483 638 1544 ecclesiastico
657 1482 698 1543 sd
717 1499 845 1562 poenam
862 1483 1071 1559 xcanonicam
1093 1503 1152 1548 nce
1199 1519 1201 1524 ·

219 1574 409 1652 testimonia,
423 1593 494 1655 quae
513 1575 690 1655 probabant
702 1575 734 1634 in
746 1573 866 1654 judicio
886 1576 1068 1655 summario,
1086 1577 1151 1657 ple·

219 1687 293 1730 nam
305 1687 430 1748 semper
438 1659 534 1729 fidem
546 1667 667 1730 faciunt
675 1667 707 1727 in
716 1664 836 1748 judicic
846 1668 1017 1732 ordinario.

259 1763 298 1823 X.
322 1760 499 1838 Dcordiae,
514 1760 658 1822 sacrando
672 1760 853 1842 procedendi
868 1761 1035 1839 summarie,
1056 1769 1088 1824 et
1109 1763 1148 1825 de

218 1854 312 1933 plano
327 1853 359 1914 in
370 1853 501 1934 judicio.
518 1853 608 1926 Quod
618 1852 773 1933 judicium
786 1853 871 1914 aliud
885 1854 925 1916 sit
939 1855 1089 1934 solemne,
1100 1873 1149 1918 or·

218 1946 376 2008 dinarium
389 1949 420 2008 et
431 1945 619 2028 plenarium,
632 1946 717 2008 aliud
727 1964 802 2008 vero
815 1946 856 2008 sit
879 1949 1084 2010 summarium
1097 1995 1104 2027 ,
1119 1953 1150 2012 et

218 2039 516 2117 extraordinarium,
540 2057 578 2100 ex
602 2039 692 2101 dietis
707 2038 775 2120 jam
789 2043 899 2118 patet,
921 2041 965 2102 uti
989 2029 1085 2104 etiam
1111 2061 1149 2103 cx

217 2133 340 2194 diverso
354 2133 449 2194 modo
464 2131 656 2212 procedendi
668 2135 836 2214 utrumque
848 2131 1003 2214 judicium
1018 2134 1146 2196 intense

216 2225 340 2287 differat
362 2245 369 2287 :
392 2225 445 2287 hic
465 2243 540 2304 ergo
562 2225 675 2286 modus
697 2229 819 2287 tantum
840 2226 1002 2288 summarii
1021 2243 1148 2306 proces-

216 2335 279 2394 sus,
295 2316 361 2378 sive
372 2315 483 2397 judicii
498 2316 682 2394 explicatur.

255 2410 294 2470 El
307 2409 407 2489 primo
420 2409 549 2490 quidem
558 2411 679 2470 certum
690 2409 747 2484 est,
763 2405 848 2486 quod
861 2405 940 2466 duas
949 2405 1147 2484 potissimum

217 2502 257 2562 ob
272 2519 382 2563 causas
397 2519 562 2581 processus
575 2500 626 2562 hio
636 2498 825 2561 summarius
839 2497 1029 2562 instituatur.
1041 2499 1146 2562 Primo

218 2593 292 2672 quia
301 2598 373 2656 sunt
381 2595 460 2654 tales
474 2611 588 2671 causes,
607 2611 677 2674 quae
697 2593 831 2655 celerem
853 2591 1084 2672 expeditionem
1097 2610 1148 2654 re-

217 2686 364 2766 quirunt,
390 2687 498 2767 quales
518 2689 590 2748 sunt
608 2687 767 2767 pleraeque
789 2701 891 2748 causae
906 2685 1144 2758 ecelesiasticoe3

215 2796 318 2840 causa
329 2777 714 2859 quaeincidentertautum
726 2781 968 2858 cognoscuntur,
981 2794 1084 2840 eausoe
1093 2776 1146 2838 bc·

214 2871 388 2950 neficiales,
406 2872 591 2950 decimales,
617 2873 686 2934 lites
702 2876 937 2949 mercatorum,
953 2872 993 2934 ob
1018 2869 1147 2930 nimiam
1244 2911 1246 2916 -

213 2963 441 3043 frequentiam
459 2983 561 3026 causae
577 2966 797 3027 alimentorum
816 2969 848 3027 et
866 2955 1071 3037 tributorum,
1090 2979 1146 3022 sen

214 3057 417 3119 collectarum
433 3077 441 3130 ς
463 3075 565 3120 causae
576 3059 1003 3136 naufragorumfflauperum
1016 3052 1146 3114 etmise-

212 3148 359 3211 rabilium
381 3142 608 3230 personarumss
631 3166 734 3210 eausae
757 3146 941 3208 mercedum
964 3148 995 3208 et
1017 3145 1147 3208 salaric-

213 3259 303 3317 rum;
321 3243 449 3324 quando
465 3243 569 3324 agitur
581 3243 620 3304 de
633 3245 737 3304 tutore
752 3240 869 3317 dando,
884 3240 944 3303 etc.

253 3335 398 3398 Secundo
412 3335 532 3403 institui
543 3337 622 3400 solet
632 3353 796 3415 processus
810 3336 934 3396 tantum
943 3333 1143 3410 summarius,

214 3424 239 3486 si
255 3430 369 3506 agatur
389 3429 429 3490 de
450 3429 552 3492 causis
571 3427 718 3506 modicis,
735 3428 767 3490 in
790 3427 903 3510 quibus
927 3427 966 3490 de
985 3443 1095 3507 parvo,
1115 3429 1147 3488 ct
