2586 4020
193 224 252 286 m
410 235 639 288 rumunnense
658 235 742 286 turre
762 236 918 288 eruemur.

192 381 271 445 siem
288 386 320 445 et
335 386 452 446 statum
469 384 638 448 resolvitur
658 383 690 444 in
714 401 751 446 eo
772 391 807 447 ut
824 403 863 446 ee
876 379 997 465 jurium
1011 385 1131 452 offioio-

191 493 324 557 rumque
340 477 444 557 cupite
454 478 486 540 in
497 476 607 540 ordine
618 478 659 539 ed
671 477 917 540 ecelesiasticam
927 479 1130 561 etpolitionnr

193 570 411 634 auctoritatem
420 571 632 652 expendemus
641 590 648 646 ;
659 589 721 634 uns
729 570 936 653 ulteriusjure
945 591 1007 636 non
1017 573 1127 652 violet,

193 681 255 726 uua
270 665 402 726 alteram
417 664 555 745 adjuvet.
574 665 657 744 Ergo
673 683 803 744 agemus
818 684 825 726 ε

232 760 263 818 1ο
284 760 328 819 De
342 758 554 840 competentia
567 757 786 820 ecelesiastioae
796 761 828 820 et
840 755 975 838 politieae
990 760 1129 824 auotori-

190 849 275 928 tutis,
290 870 346 912 seu
360 851 400 912 de
413 851 565 914 limitibus
575 850 648 932 jure
658 849 763 914 divino
775 851 900 932 utrique
912 853 1072 933 appositis,
1086 871 1126 915 ne

124 1002 130 1016 ,
192 963 256 1006 una
270 943 397 1006 alterius
406 943 607 1026 juruviolet;

231 1040 265 1098 2⁰
284 1038 329 1098 De
347 1040 456 1100 mutuo
473 1036 644 1118 adjutorio,
663 1057 718 1100 seu
734 1038 939 1102 advocatione
955 1041 986 1101 et
1000 1045 1126 1120 proteo·

190 1129 275 1192 tione
289 1147 352 1209 qua
363 1130 403 1194 sd
413 1129 548 1192 invioem
562 1131 800 1212 adstringuntur
818 1138 951 1212 utreque
971 1135 1124 1212 potestas,

191 1227 226 1286 ut
249 1242 283 1286 so
305 1227 415 1289 mutuo
435 1224 563 1288 foveant
576 1224 608 1287 in
632 1224 742 1288 ordine
765 1225 807 1288 sd
832 1225 903 1288 finis
924 1226 972 1288 sui
996 1243 1124 1290 asseru-

191 1316 321 1382 tionem.

524 1447 724 1523 TITULUS
749 1451 777 1520 I.

257 1636 305 1687 DE
328 1636 577 1689 GOMPE'I'ENTIA
602 1635 805 1700 urmusoun
828 1635 1051 1691 Pornsuurls.

230 1789 446 1870 Competentie
464 1789 626 1870 utriusque
642 1787 835 1852 auctoritatis
850 1787 1052 1852 determinari
1066 1809 1122 1870 po·

190 1885 250 1945 test
258 1882 309 1945 vel
320 1881 352 1944 in
367 1883 537 1962 abstrado,
553 1883 604 1945 vel
617 1882 649 1943 in
664 1885 810 1944 concreto
823 1899 830 1944 :
845 1881 948 1962 primo
960 1881 1120 1964 inquisitio

190 1979 238 2037 est
258 1979 325 2038 totu
344 1976 473 2058 dejure
496 1977 624 2055 divino,
647 1979 678 2038 et
701 1974 869 2055 investiget
890 1975 966 2056 quid
986 1980 1121 2058 utroque

190 2070 328 2148 potestus
341 2087 436 2150 egere
447 2070 546 2150 possit
566 2069 604 2130 de
616 2067 688 2148 jure
705 2067 844 2148 proprio,
871 2067 1122 2148 independenter

191 2160 317 2224 omnino
329 2163 369 2224 eb
384 2163 461 2239 elis;
474 2163 572 2226 altera
581 2160 780 2242 investigatio
793 2179 856 2223 non
869 2161 1040 2241 procedite
1053 2163 1120 2226 solo

187 2253 260 2337 jure
283 2255 414 2335 divino,
440 2256 689 2336 independenter
717 2273 737 2316 e
763 2253 924 2318 voluntate
946 2258 977 2316 ot
997 2255 1120 2334 praeitis
1278 2295 1281 2302 ·

191 2350 354 2430 utriusque
366 2350 540 2431 potestatis,
566 2350 622 2412 sed
636 2348 735 2412 firmis
756 2346 956 2410 manentibus
969 2347 1120 2414 limitibus
1152 2369 1156 2375 ·
1280 2403 1281 2420 ,

191 2442 223 2504 in
238 2444 395 2506 obstreoto
416 2443 559 2506 deduotis
585 2463 605 2506 e
615 2442 688 2523 jure
713 2441 830 2519 divino,
855 2440 967 2521 querit
987 2440 1019 2502 in
1035 2443 1118 2507 fecto
1280 2433 1281 2450 ¹

192 2535 268 2616 quid
290 2554 385 2615 agere
404 2537 498 2598 lioeet
521 2537 644 2617 utrique
665 2534 830 2616 potestati,
856 2533 905 2595 sin
928 2533 1031 2598 minus
1048 2536 1120 2618 juro

191 2628 329 2710 proprio,
345 2628 457 2692 saltem
465 2629 536 2712 jure
551 2630 694 2710 delegato
709 2627 896 2693 etxmandeto
910 2627 1038 2692 ulterius
1048 2648 1121 2694 ouo·

191 2721 335 2784 toritutis.
