2578 4012
201 289 263 350 23⁰
408 299 640 350 rrurtrurronns
660 303 743 350 roura
764 303 920 351 caucum.

201 443 295 508 debet
309 443 452 508 habitum
464 445 690 523 canonicalem,
705 464 760 508 seu
783 444 960 508 beneficiati
976 445 1137 508 dimittere

202 541 303 600 ctnon
313 541 416 617 potest
427 538 588 618 percipere
603 538 847 600 distributiones
866 539 948 618 (Sec.
962 556 1053 618 cong.
1069 539 1132 602 Rit.

201 631 233 692 in
247 631 480 710 calaguritano,
496 634 510 692 1
536 649 609 710 aug.
633 630 735 710 1603.)
750 632 814 692 Nec
835 632 976 692 lucretur
988 630 1137 694 distribu-

201 723 303 787 tiones
317 742 387 803 qnee
402 723 517 784 dentur
531 723 788 784 interessentibus
799 723 1061 802 processionibnS,
1075 724 1137 784 nisi

198 815 325 878 incedat
337 815 369 876 in
384 815 494 877 habitu
509 815 695 880 canonicali.
712 816 795 894 (Sao.
811 834 903 895 cong.
918 815 980 877 Rit.
995 817 1027 878 in
1041 818 1136 880 Gom-

200 911 295 988 post.,
312 911 348 970 01
361 908 439 973 iebr.
458 911 555 984 1601;
576 910 608 970 et
620 907 653 969 in
665 907 875 986 Brundusine,
894 911 930 970 16
938 908 996 989 jul.
1011 909 1114 988 1607.)

241 1002 383 1065 Vicarius
396 1001 564 1080 generalis,
593 1000 668 1065 licet
682 999 777 1062 etiam
801 1000 868 1079 ipso
893 1001 1039 1081 episcopo
1054 1019 1135 1080 prae·

200 1099 288 1156 sente
314 1094 347 1154 in
366 1093 509 1170 ecclesia,
537 1092 645 1169 choro,
669 1093 930 1171 processionibus,
951 1094 1084 1172 synodo,
1102 1097 1134 1156 et

200 1186 268 1248 aliis
285 1185 419 1265 publicis
434 1189 466 1248 et
482 1185 614 1264 privatis
628 1185 761 1262 actibus,
778 1186 935 1248 canonicis
953 1190 984 1248 et
996 1186 1133 1266 dignita-

199 1278 283 1342 tibus
290 1279 469 1359 praecedere
481 1278 606 1355 debeat,
617 1282 724 1340 tamen
739 1278 799 1339 hoc
813 1278 996 1357 intelligitur
1010 1278 1134 1358 quoties

201 1371 341 1434 canonici
357 1375 389 1434 et
403 1371 570 1451 dignitates
584 1370 764 1452 hujusmodi
774 1371 806 1432 in
821 1370 930 1432 habitu
946 1371 1131 1446 canonicali,

200 1465 321 1526 etiamsi
334 1482 434 1543 cappa
453 1468 484 1526 et
500 1462 642 1526 rochetto
659 1466 799 1541 utantur,
816 1467 897 1524 stare
916 1467 970 1524 aut
986 1463 1133 1526 incedere

202 1562 443 1632 consueverunt,
465 1573 528 1616 non
549 1558 655 1617 autem
668 1556 693 1616 si
706 1555 845 1635 pluviali,
857 1556 1053 1636 planctiseut
1065 1555 1134 1616 aliis

200 1648 298 1712 sacris
322 1647 515 1726 paramentis
535 1646 626 1726 juxta
654 1647 840 1727 cujusquam
862 1649 979 1710 ordinis
997 1649 1133 1727 gradum

200 1741 263 1804 sint
280 1740 394 1818 induti,
419 1743 514 1818 prout
536 1740 568 1800 in
592 1739 810 1802 distributione
825 1740 1133 1809 candelarumindie

200 1832 442 1910 purificationis,
455 1832 528 1894 etin
539 1832 717 1912 receptione
728 1833 868 1894 cinerum
882 1833 1079 1913 feriaquarta
1091 1834 1134 1900 ei·

200 1945 322 2004 nerum,
336 1928 367 1988 et
378 1925 531 1988 similibus
546 1925 667 2002 diebus,
688 1924 801 2004 quibus
811 1925 975 2006 epiecopus
986 1925 1133 1989 solemni-

201 2023 250 2082 ter
260 2019 419 2083 celebrare
432 2037 470 2082 ex
482 2019 544 2080 ritu
559 2017 768 2082 ecclesiastico
782 2021 946 2080 teneatur:
963 2020 1038 2084 tune
1048 2017 1134 2082 euim

138 2178 143 2187 ‚
200 2130 265 2173 non
276 2111 367 2173 decet
383 2115 417 2172 ut
430 2110 575 2188 vicarius,
590 2109 764 2190 praesertim
784 2110 809 2171 si
823 2110 856 2172 in
877 2129 934 2174 sno
947 2110 1132 2190 quotidiano

202 2203 310 2267 habitu
333 2203 446 2266 existet
479 2203 598 2266 eisdem
621 2202 719 2264 sacris
746 2202 885 2267 vestibus
911 2203 1039 2282 paratis,
1065 2201 1132 2264 sive

200 2295 323 2374 stando,
345 2296 412 2358 sive
426 2296 600 2358 incedendo
613 2293 780 2374 praeoedet.
800 2294 882 2374 (Sao.
908 2313 999 2374 cong.
1014 2294 1074 2356 Rit.
1099 2295 1132 2356 in

199 2391 376 2452 Lauretana
388 2393 419 2452 et
430 2390 595 2467 Nolanam,
612 2391 650 2450 23
660 2393 752 2450 mart.
764 2390 852 2464 1602,
865 2391 925 2453 etti
942 2390 1020 2468 sept.
1036 2389 1129 2463 161ος

201 2484 232 2544 et
241 2481 273 2541 in
287 2480 465 2559 Metropol,
478 2485 496 2540 7
508 2499 580 2560 aug.
595 2480 698 2559 1628.)

240 2574 290 2635 10ο
311 2572 452 2634 Vicerius
472 2573 629 2651 generalia
649 2573 722 2636 lieet
736 2573 894 2653 praecedat
917 2572 1062 2636 omnibus
1086 2572 1134 2634 di-

200 2663 371 2744 gnitatibus
384 2667 415 2725 et
424 2664 594 2742 canonicis,
609 2668 715 2730 temen
739 2666 859 2728 ratione
876 2668 1134 2745 paramentorum

200 2757 233 2819 in
251 2755 468 2818 distributione
488 2757 692 2824 candelarum
708 2761 739 2820 et
757 2759 934 2837 palmarum
954 2775 1019 2820 non
1038 2758 1133 2820 debet

144 2860 147 2867 '
200 2849 317 2913 habere
338 2850 444 2912 locum
467 2849 644 2930 digniorem
663 2869 759 2930 quam
785 2850 925 2915 canonici
949 2850 1068 2929 parati3
1098 2849 1131 2913 in

198 2943 380 3016 adoratione
406 2961 482 3006 vera
512 2945 614 3006 erucis
642 2950 675 3006 et
699 2944 960 3024 quandocumque
989 2942 1130 3012 oancnici

198 3054 261 3098 non
276 3039 347 3098 sunt
374 3035 489 3114 parati,
516 3036 692 3116 digniorem
713 3037 818 3100 locum
841 3037 937 3100 babet
950 3034 1130 3101 immediate

197 3132 268 3208 post
290 3128 514 3205 celebrantem,
533 3134 564 3189 et
587 3129 729 3194 similiter
748 3129 975 3194 thurificandus
989 3130 1037 3190 eet
1057 3131 1129 3190 anie

201 3221 366 3283 canonicos
383 3220 442 3281 nisi
457 3220 520 3282 sint
529 3222 642 3300 parati,
655 3223 729 3302 quia
739 3227 893 3300 tuncpoat
903 3221 1069 3284 canonicos
1084 3225 1131 3282 est

198 3311 436 3374 thurificandus.
452 3313 534 3392 (Sec.
550 3332 642 3394 cong.
658 3315 718 3379 Rit.
734 3315 765 3374 in
777 3313 968 3391 Placentiae,
987 3317 1126 3378 camut.

201 3405 292 3475 1607;
310 3408 340 3464 et
354 3405 387 3465 iu
402 3405 567 3484 Alexand,
580 3412 617 3468 06
631 3410 724 3469 mart.
743 3405 846 3484 1608.)
861 3407 900 3470 ut
910 3406 995 3486 guod
1008 3406 1040 3472 in
1054 3407 1128 3477 edo-

202 3491 321 3554 retione
341 3495 441 3556 crucis
452 3497 666 3574 preferendus
687 3497 727 3560 sit
739 3497 1127 3579 vicarusgcnenalieanta
