2584 4022
564 287 602 332 nu
623 285 762 332 runmus.
1099 268 1135 330 81

207 426 320 510 major,
332 427 502 510 semiplene
510 431 633 510 probat,
642 431 680 490 de
689 447 726 491 eo
738 428 986 510 quodinjudioio
998 425 1138 508 deponit,

210 529 241 584 et
253 521 459 584 sufficientem
473 523 750 603 praesumptionem
763 521 838 584 tacit
849 522 889 582 ad
903 521 1138 602 inquirendum,

210 614 371 677 citandum
386 617 417 675 et
430 616 643 696 torquendum
658 615 753 677 etiem
767 634 872 690 reum3
896 619 928 678 et
939 614 1140 696 conjunctum

209 725 282 790 oum
297 707 365 768 aliis
384 707 522 785 indiciis,
537 715 568 769 et
582 708 891 790 presumptionibus,
907 708 1033 788 plenam
1047 706 1142 768 fidem

211 801 315 862 faeere
330 806 434 880 potest
454 802 566 862 saltem
588 801 621 864 in
642 801 786 863 civilibus
805 800 927 876 oausis;
953 807 985 862 et
1000 800 1143 881 quamvis
1239 871 1243 877 .

212 893 322 954 unicus
331 893 429 970 testis,
439 895 562 956 etiamsi
573 894 635 956 fide
649 893 849 974 dignissimus
860 894 909 972 sit,
919 893 1007 956 testis
1017 894 1142 955 omuino

212 986 358 1048 inhabilis
373 986 531 1048 defectum
546 1007 609 1050 non
624 988 779 1066 suppleat,
802 991 913 1066 putant
926 989 1033 1050 tumen
1048 985 1146 1066 aliqui

212 1098 269 1160 per
279 1080 371 1140 unius
382 1081 690 1159 superabundantem
703 1081 798 1142 fidem
813 1080 946 1142 aliorum
959 1077 1145 1142 contestinm

213 1173 367 1234 minorem
381 1173 576 1236 habilitatem
589 1174 728 1253 suppleri
738 1191 840 1254 posse,
850 1172 924 1253 quia
934 1173 1018 1254 quod
1032 1173 1145 1255 imper-

214 1266 331 1328 feotum
344 1269 402 1344 est,
418 1285 476 1346 per
488 1267 572 1329 aliud
583 1267 721 1347 suppleri
736 1269 849 1347 potest,
862 1269 1043 1328 nouantem
1063 1264 1147 1345 quod

216 1359 342 1421 omuino
358 1361 480 1422 nullum
495 1365 551 1422 est.

255 1454 335 1515 XIX.
357 1452 403 1513 De
410 1453 582 1534 juramento
599 1453 726 1516 testium.
744 1453 834 1526 Quod
852 1451 939 1515 testis
958 1469 1021 1514 non
1032 1450 1146 1532 jurati,

217 1545 442 1628 qualiscunque
456 1547 508 1608 ille
522 1549 578 1626 sit,
596 1546 810 1610 testimonium
832 1544 909 1607 nihil
930 1547 1043 1624 probet
1056 1544 1087 1604 iu
1099 1543 1148 1625 ju-

217 1638 314 1716 dioio,
330 1657 368 1699 ex
386 1644 520 1720 utroque
531 1640 603 1720 jure
618 1643 715 1723 patet.
732 1641 810 1702 Hine
826 1641 954 1716 ateste,
978 1641 1148 1718 antequam

217 1731 364 1810 deponat,
379 1731 595 1813 juramentum
607 1734 743 1814 exigitur
755 1751 818 1796 nou
832 1731 1007 1808 calumniae,
1024 1730 1080 1792 sed
1094 1749 1149 1792 ve-

216 1823 327 1904 ritatis,
351 1828 382 1887 et
400 1826 485 1905 quod
498 1845 556 1888 neo
568 1827 685 1908 pretio,
703 1845 760 1888 neo
776 1844 894 1902 amore,
912 1843 970 1884 nee
984 1823 1073 1900 odio,
1090 1841 1148 1901 neo
1187 1897 1190 1904 1

217 1921 348 1995 terrore,
366 1937 423 1980 neo
437 1937 474 1980 ex
489 1920 549 1981 alio
565 1919 689 1982 sinistro
705 1920 822 1981 motivo
837 1920 1000 1980 moveatur
1012 1917 1051 1978 ad
1064 1916 1149 1979 testi·

218 2011 360 2073 monium
383 2012 566 2090 dioeudum‚
593 2015 624 2074 et
645 2013 730 2094 quod
751 2011 960 2092 depositiones
981 2029 1053 2073 suas
1077 2013 1148 2072 ante

218 2122 328 2166 earum
342 2105 587 2185 publicationem
599 2106 717 2167 nemini
724 2106 764 2166 sit
773 2105 978 2167 revelaturus,
990 2106 1030 2164 Et
1042 2121 1149 2182 quam-

218 2197 310 2258 visin
331 2197 519 2278 quibusdam
539 2199 748 2261 tribunalibus
763 2216 801 2258 ea
821 2196 927 2276 praxis
948 2196 1146 2272 observetur,

219 2294 255 2350 ut
273 2290 401 2352 testium
427 2290 639 2372 depositiones
660 2292 754 2368 fiant,
779 2292 948 2368 antequam
963 2287 1081 2348 abillis
1098 2287 1150 2368 ju-

219 2389 316 2461 retur,
333 2388 521 2446 moneantur
534 2388 641 2446 tamen
656 2400 812 2462 expresse,
825 2388 860 2442 ut
873 2381 918 2443 ita
932 2380 1101 2459 deponant,
1115 2383 1151 2440 ut

219 2476 317 2557 possit
328 2477 531 2556 postmodum
544 2476 753 2556 depositiones
768 2493 841 2536 suas
847 2474 1027 2558 juramento
1040 2475 1151 2534 ooufir-

218 2587 316 2647 mare,
327 2573 359 2632 at
371 2569 523 2648 depositio
536 2570 640 2632 taliter
649 2570 732 2631 faeta
742 2577 904 2648 nunquam
917 2567 956 2629 ad
964 2567 1150 2629 sententiam

216 2661 380 2723 ferendam
397 2663 440 2742 (in
452 2681 487 2723 re
507 2663 639 2743 alicujus
654 2661 838 2744 juramenti)
852 2660 980 2723 induoet
991 2659 1148 2740 judicem,

220 2755 279 2817 uisi
289 2755 468 2836 juramento
479 2756 689 2836 depositiones
703 2756 764 2816 illae
779 2754 894 2817 fuerint
908 2753 1151 2827 confirmatae,et

221 2848 349 2929 quidem
363 2848 395 2910 in
405 2848 536 2930 judioio,
552 2869 615 2910 nou
626 2855 714 2910 extra
729 2848 818 2909 illud.

243 2943 361 3004 ¹Debet
382 2947 487 3005 autem
512 2943 639 3004 testium
659 2941 875 3022 juramentum
898 2956 966 3000 esse
990 2936 1151 3014 corporale

220 3036 379 3116 tangendo
394 3035 618 3115 Evangelium,
635 3034 695 3095 uisi
714 3033 906 3095 consuetudo
922 3031 1016 3092 aliam
1030 3029 1153 3112 praxim

220 3129 400 3207 induxerit,
428 3136 483 3190 aut
506 3127 655 3209 specialia
680 3127 795 3188 alieubi
824 3123 989 3208 privilegia
1010 3140 1152 3202 persouae

220 3225 334 3304 aliquae
345 3223 493 3300 habeant,
502 3222 546 3284 ita
555 3221 657 3282 utillis
668 3220 762 3282 etiarn
774 3237 835 3280 non
840 3217 852 3297 j
857 3218 953 3280 uratia
961 3215 1154 3278 eredendum

219 3317 269 3379 sit.
282 3319 389 3378 Potest
402 3321 508 3378 tamen
524 3315 618 3376 etiam
628 3314 668 3376 eb
679 3313 814 3374 adversa
824 3315 923 3392 parte,
937 3313 1154 3390 contraquam

220 3413 315 3472 testes
327 3410 558 3490 producuntur,
573 3409 599 3470 si
610 3426 755 3486 expresse
769 3405 954 3482 consentiat,
968 3403 1084 3466 remitti
1095 3402 1154 3464 hoe

217 3502 487 3583 jurameutum,ut
501 3505 707 3566 constatexo.
725 3500 809 3578 Tuis,
820 3501 869 3578 39,
875 3497 986 3581 juncta
996 3498 1092 3577 gloss.
1107 3515 1152 3574 v.,

1039 3603 1067 3657 54
