2586 4020
526 346 565 390 nr
587 346 726 393 tumens.
1051 333 1109 402 15⁸1

178 491 249 554 tolis
273 489 313 551 ad
328 488 469 570 judicem
492 489 710 570 appellationis
733 490 946 553 transmittere
971 491 1111 572 (propter

178 583 388 646 reverentiam
400 581 519 644 scilieet
529 583 699 663 superioris
714 583 891 662 puniendus
903 584 934 646 vi
947 584 1109 666 utriusque

174 677 266 759 juris,
289 675 315 738 si
339 675 530 756 interpositae
556 695 594 736 ax
615 676 702 758 justa
720 694 817 738 eausa
831 677 1031 758 appellationi
1046 695 1109 740 non

178 768 347 849 detulerit),
370 760 432 830 nisi
448 770 488 830 de
507 768 579 850 jure
597 769 755 849 prohibita
769 770 809 832 sit
827 769 996 850 appellatio
1009 777 1064 833 aut
1076 771 1109 833 in

177 863 328 942 rescripto
352 865 474 924 remota
495 883 501 924 :
526 863 611 943 quod
635 863 659 923 si
683 866 789 924 tamen
811 882 868 943 per
887 864 1031 928 fraudem
1054 869 1110 928 aut

176 957 329 1019 malitiam
343 956 526 1038 interposita
548 956 658 1018 fuisset
678 956 858 1036 appellatio,
879 976 942 1019 non
957 957 1051 1020 debat
1064 959 1108 1020 illi

177 1051 310 1127 deferre,
331 1053 386 1112 aut
397 1049 484 1111 illam
499 1049 664 1112 admittere
689 1049 821 1130 jadera
838 1068 912 1131 quo,
935 1051 991 1112 sed
1006 1054 1109 1131 potest

177 1143 209 1204 in
224 1161 319 1205 eausa
330 1143 511 1228 proaedere.

217 1239 325 1316 Neque
341 1235 424 1297 enim
437 1235 519 1315 quod
531 1234 630 1316 ajuro
646 1254 830 1298 conoessum
845 1243 892 1298 est
906 1237 947 1298 ad
961 1237 1107 1299 innoeen-

174 1331 251 1392 tiam
263 1330 313 1390 vel
331 1328 495 1410 jussuum
518 1327 762 1406 defendendum,
787 1329 942 1392 malitiose
964 1329 996 1390 in
1010 1329 1108 1391 alium

175 1425 270 1506 finem
291 1421 542 1502 detorquendam
555 1425 618 1495 est3
636 1422 662 1482 si
677 1440 753 1484 vero
768 1441 863 1502 super
871 1423 1108 1484 interlocutoria

174 1515 340 1592 sententia,
358 1533 414 1576 seu
422 1515 593 1594 quastione
602 1515 760 1577 incidente
768 1517 960 1597 appellatum
974 1516 1108 1594 lareritfa

174 1609 264 1689 eujus
287 1608 465 1688 cognitione
488 1626 590 1670 eausa
607 1608 790 1688 principalis
806 1609 922 1671 decisio
937 1609 1104 1689 dependet,

173 1722 235 1765 non
260 1705 362 1783 potest
379 1701 477 1782 judex
500 1720 599 1782 aquo
621 1721 717 1782 super
730 1721 825 1764 eausa
839 1695 1004 1783 prinoipali
1019 1704 1107 1784 prius

173 1795 390 1877 pronuntiare,
415 1813 511 1876 quam
533 1796 654 1874 questio
679 1796 915 1858 interlocutoria
935 1795 968 1856 in
986 1796 1106 1878 judioio

42 1913 45 1918 ·
173 1888 503 1970 appellationisdeoisa
512 1888 615 1966 fuerit,
625 1889 665 1949 ad
674 1889 849 1950 cavendum
863 1888 982 1951 seilicet
993 1889 1106 1970 praeju-

173 1981 290 2044 dioium
308 2003 314 2044 :
332 1981 467 2063 speciale
482 1982 559 2043 illud
576 1985 622 2042 est
637 1981 759 2061 dejure
773 1980 934 2058 canonico,
947 1981 1103 2063 quodille,

130 2119 132 2124 ·
173 2076 227 2157 qui
241 2075 379 2137 residere
399 2078 524 2137 tenetur
543 2075 576 2136 in
589 2094 646 2137 suo
667 2075 832 2152 beneficio,
859 2082 890 2136 et
907 2081 1013 2137 tamen
1032 2075 1106 2136 huie

172 2188 236 2230 suae
259 2168 441 2248 obligationi
456 2186 520 2229 non
535 2168 697 2245 satisfacit,
722 2167 747 2228 si
764 2168 962 2250 abepiscopo
976 2169 1018 2230 ad
1031 2169 1105 2230 resi-

171 2261 311 2323 dentiam
333 2261 511 2322 iaeiendam
534 2261 672 2323 monitus
695 2260 735 2320 ad
750 2260 934 2341 pontificem
955 2260 1103 2342 appellet,

171 2354 271 2435 possit
286 2349 342 2435 per
357 2354 539 2435 episcopum
554 2354 624 2434 cogi
637 2354 678 2415 ad
688 2353 902 2431 residendum,
916 2355 1010 2418 velut
1023 2353 1106 2418 intra

173 2451 294 2509 eertum
305 2451 429 2527 tempus
445 2449 608 2528 praefixum
630 2448 844 2527 abepiscopo,
861 2447 902 2508 ad
916 2447 1035 2510 oudam
1053 2466 1105 2509 ro-

172 2559 299 2601 manam
314 2541 532 2620 appellationis
547 2541 775 2622 prosequenda
793 2560 888 2602 eausa
906 2540 1046 2620 ascedat,
1060 2540 1105 2603 ita

104 2708 110 2720 Ι
172 2636 208 2696 ut
221 2633 387 2713 episeopus
403 2634 576 2714 praebenda
590 2654 662 2696 eum
671 2635 796 2715 privare
806 2633 1104 2714 possit,nisialteru-

171 2729 255 2788 trum
269 2726 389 2804 feeerit,
399 2726 424 2788 si
437 2727 555 2788 nullam
567 2726 686 2808 justam
698 2728 961 2805 oausamhabeat,
977 2747 1049 2789 oum
1064 2727 1103 2788 de

170 2819 250 2881 futili
261 2823 382 2882 tantum
397 2821 618 2900 appellatione,
630 2821 662 2881 in
676 2821 730 2883 tali
744 2839 819 2882 oasu
832 2821 872 2882 sit
886 2821 1100 2902 praesumptio.

211 2914 290 2974 XIX.
313 2911 574 2995 Offiotamjudtcis
589 2913 629 2974 ad
645 2932 739 2994 quem
762 2913 861 2995 judex
876 2913 917 2974 ad
941 2932 1035 2994 quem
1049 2931 1103 2994 ap-

169 3006 320 3085 pellatum
334 3006 402 3084 fuit,
423 3007 518 3068 debet
531 3007 774 3087 appellationem
791 3006 833 3067 ad
849 3025 882 3068 se
897 3007 1034 3068 delatam
1049 3006 1103 3066 ad-

170 3098 306 3176 mittere,
323 3097 362 3160 de
376 3098 444 3180 ejus
455 3099 468 3179 j
473 3099 578 3160 ustitia
592 3117 793 3179 eognosoere,
808 3099 876 3162 etsi
886 3099 1001 3161 viderit
1017 3099 1103 3160 illam

170 3190 309 3271 legitime
324 3189 551 3272 interpositam,
580 3193 674 3253 dehet
687 3192 902 3273 pronuntiare,
918 3191 1104 3271 appellatio·

172 3302 245 3345 nem
261 3303 327 3346 esse
339 3284 468 3366 justam,
489 3286 555 3347 sive
572 3286 654 3348 male
670 3284 858 3366 judicatum,
872 3286 953 3348 bene
967 3285 1102 3367 appella·

172 3383 240 3440 tum
262 3397 340 3441 esse.
357 3377 389 3442 Si
403 3398 476 3441 vero
487 3378 601 3441 viderit
613 3379 699 3440 illam
720 3397 788 3441 esse
802 3379 962 3460 illegitime
973 3379 1099 3458 fastam,

66 3551 68 3556 Ι
173 3469 268 3534 debet
281 3471 367 3534 illam
391 3473 594 3552 pronuntiare
618 3471 778 3554 injustam,
796 3473 861 3536 sive
886 3473 966 3536 hene
978 3473 1101 3554 judiea-

172 3567 251 3649 tum,
264 3565 347 3632 mala
362 3565 555 3651 appellatum
570 3585 648 3629 esse.

1193 3531 1284 3982 q
