2586 4020
550 287 591 336 aa
610 287 749 340 marcus.
1058 275 1116 340 ttt

188 449 260 495 cum
274 432 381 496 umen
395 430 465 494 telis
479 431 618 512 pascasio
633 431 675 494 ad
688 432 957 514 prescribendnm
977 433 1117 517 ramira·

186 526 248 602 tur,
265 523 324 586 nisi
332 524 514 588 translative
523 528 647 587 tantum
660 527 876 606 praescribant,
892 525 937 590 ita
950 529 986 591 ut
1000 526 1091 592 elteri
1105 567 1114 608 ,

187 635 219 680 v.
234 636 281 698 g,
295 617 441 698 episcopo
465 617 597 699 subjecti
610 617 672 680 sint
687 665 696 697 ‚
712 638 775 683 neu
793 623 898 682 autem
917 619 1113 702 simpliciter,

158 721 165 731 ⁷
187 711 254 772 sive
277 709 453 787 exclusive,
474 713 511 772 ut
524 710 600 772 nulli
613 729 715 792 neque
736 715 877 776 Romano
892 713 1036 777 Pontifici
1045 711 1117 776 sub·

184 803 261 886 jacti
274 802 346 882 sint,
370 802 455 884 quod
469 806 552 866 essct
567 807 679 866 contra
687 803 740 886 jus
754 805 906 869 divinum.

199 963 210 1016 ς
224 965 250 1005 11.
264 971 295 1006 ur
308 971 493 1005 οοιιιιιτιοιιιιυι
505 973 537 1006 sn
550 972 765 1007 suessoniensem
778 972 919 1016 ιιρπιιῐτιι,
932 971 964 1007 ιτ
983 971 1012 1006 m
1026 971 1104 1007 trum

425 1039 456 1072 nr
468 1039 545 1074 ram
560 1039 590 1073 rr
603 1039 708 1074 acuum
720 1040 875 1074 ωιιοιτιοιιι.

228 1162 294 1223 VII.
316 1162 456 1234 Quatucr
478 1162 672 1226 conditiones
696 1163 737 1225 ad
757 1161 933 1243 legitimam
952 1159 1118 1242 prescrip·

187 1252 306 1318 tionem
318 1254 446 1334 requiri,
461 1261 582 1317 eertum
592 1258 648 1316 est.
663 1255 770 1316 Prima
784 1258 831 1317 est
842 1255 1008 1335 possessio,
1017 1273 1117 1335 eaque

189 1345 354 1422 continua,
372 1352 403 1407 et
422 1363 486 1410 uon
505 1346 690 1428 interrupta.
711 1347 856 1410 Secunda
874 1350 922 1410 est
938 1347 1024 1410 hena
1038 1347 1118 1409 fides

188 1438 429 1520 prescribentis.
437 1439 542 1500 Tertia
556 1441 603 1500 est
607 1439 711 1521 justus
720 1439 839 1502 titulus.
857 1440 1118 1513 Quartaesttem·

188 1549 247 1610 pus
262 1549 282 1592 a
295 1531 365 1609 lege
381 1531 554 1595 definitum.

229 1639 260 1698 1ο
272 1636 408 1699 conditae.
426 1636 515 1710 Quod
530 1637 572 1700 ad
587 1653 713 1700 omnem
726 1637 994 1718 prescriptionem
1010 1653 1119 1700 neces·

187 1729 270 1791 sario
288 1728 468 1812 requiratur
485 1730 656 1808 possessio,
680 1735 735 1792 aut
759 1730 785 1792 si
809 1729 1021 1810 incorporalia
1039 1747 1118 1810 pra·

144 1862 147 1868 -
188 1822 375 1899 scribantur,
392 1822 481 1904 quasi
493 1822 658 1902 possessio,
669 1826 700 1884 et
711 1823 849 1904 quidem,
862 1822 1020 1903 quodnon
1034 1819 1119 1884 suffi-

191 1911 252 1978 ciat
265 1916 331 1978 sela
346 1913 507 1993 naturalis,
519 1915 654 1977 sufficiat
666 1922 773 1977 tamen
788 1915 903 1994 civilis,
921 1915 986 1977 sive
1000 1913 1068 1977 sela
1079 1913 1119 1976 sit

189 2007 220 2070 in
236 2007 477 2088 praescribente,
498 2008 564 2070 sive
583 2007 751 2090 conjuncta
765 2008 805 2069 sit
819 2027 890 2070 cum
912 2006 1064 2084 naturali,
1080 2024 1118 2068 ex
1236 1998 1239 2004 ’

188 2100 284 2163 variis
291 2099 415 2180 juribus
426 2099 579 2174 habetur3
597 2102 679 2162 etex
693 2118 732 2161 ea
741 2099 873 2178 ratione,
887 2099 972 2181 quod
986 2098 1027 2160 ad
1039 2114 1118 2179 pra·

189 2185 449 2272 scriptionem'ea
466 2192 663 2272 requiratur,
689 2195 721 2255 et
740 2192 875 2255 sufficiat
895 2191 1049 2271 possessio
1062 2236 1070 2268 ,
1085 2190 1119 2252 vi

190 2284 278 2366 eujus
287 2284 450 2346 transferri
459 2287 562 2365 petest
571 2282 755 2362 dominium,
766 2283 919 2366 autquasi
931 2282 1115 2360 dominium,

190 2377 246 2441 sed
259 2379 326 2440 sola
341 2375 653 2456 naturalispcssessio
667 2393 731 2438 non
742 2378 789 2438 est
798 2375 954 2437 sufficiens
964 2373 1007 2435 ad
1018 2379 1117 2436 trans-

189 2470 354 2532 ferendum
368 2469 552 2546 dominium,
567 2467 645 2531 alias
658 2468 753 2532 etiem
765 2466 972 2550 depositarius
980 2483 1049 2529 rem
1063 2465 1120 2528 dc·

190 2562 325 2644 positam
339 2561 533 2643 prescribere
548 2564 664 2642 posset,
672 2564 704 2624 et
716 2567 844 2642 possent
855 2561 918 2624 duo
930 2559 1023 2623 simul
1033 2576 1120 2622 eam-

191 2655 263 2718 dem
274 2673 342 2716 rem
355 2655 566 2736 prescribere,
591 2672 664 2716 casu
679 2673 741 2735 quo
757 2672 837 2716 unus
852 2671 923 2716 eam
936 2651 1119 2717 naturaliter

189 2751 331 2825 tantum,
349 2747 427 2808 alter
450 2739 582 2811 civiliter
594 2749 717 2810 tantum
732 2764 802 2810 eam
820 2747 1012 2826 possideret,
1034 2745 1119 2828 qued

192 2844 239 2904 est
253 2839 425 2903 absurdum
434 2839 624 2918 concedere,
642 2858 717 2920 ergo
730 2840 797 2902 sola
810 2839 961 2903 naturalis
975 2855 1038 2900 non
1054 2837 1120 2899 sut-

191 2933 274 3008 ficit3
299 2931 414 2994 sufficit
439 2935 544 2996 autem
565 2933 632 3006 sele
653 2932 765 3009 civilis,
786 2950 845 3014 per
864 2949 960 3012 quam
981 2928 1120 2994 dominia

190 3025 354 3090 transferri
364 3028 505 3106 possunt.

230 3123 262 3182 ἓν
282 3117 419 3180 conditio.
438 3115 596 3198 Quidquid
607 3116 646 3178 sit
659 3115 698 3178 de
714 3115 785 3197 jure
805 3113 887 3178 civili
901 3130 1056 3192 cesaree,
1079 3112 1118 3176 de

186 3211 259 3294 jure
268 3212 418 3274 eaucniec
431 3210 471 3272 ad
479 3225 605 3272 omnem
614 3208 881 3290 praescriptionem
892 3205 999 3288 (etiam
1007 3205 1119 3270 imme-

189 3304 316 3368 moralis
335 3303 501 3382 temporis,
524 3305 555 3366 et
576 3321 645 3384 quae
664 3301 780 3364 sciente
801 3300 930 3364 dominc
942 3299 1000 3382 fit),
1023 3301 1069 3362 uti
1087 3303 1119 3365 ct

192 3397 277 3461 omni
301 3399 443 3478 tempore
463 3395 549 3460 bona
570 3395 634 3459 fide
645 3393 830 3478 requiritur,
852 3394 898 3457 ita
919 3397 955 3456 ut
973 3411 1037 3457 non
1054 3391 1119 3459 suf·

191 3489 278 3554 ficiat
303 3489 387 3553 bona
408 3489 470 3552 ssde
493 3489 674 3554 inchoatam
694 3487 790 3552 tuisse
811 3490 935 3554 tantm
953 3485 1119 3570 prescrip·
