2584 4022
539 244 578 289 nn
599 243 738 294 ennacos.
1063 231 1107 290 2⁵

207 341 316 466 Neque
331 383 432 448 baeres
447 385 595 464 clericus,
621 388 675 468 qui
696 388 729 450 in
750 388 835 450 bona
848 385 921 449 laici
934 386 1100 466 successit,

164 477 327 546 conveniri
342 482 457 559 potest,
482 498 525 569 en⁴
546 481 702 543 sententia
726 479 950 560 probabiliore,
980 479 1102 544 ratione

41 605 43 624 =
164 573 283 640 horum
307 571 464 633 bonorum
488 591 597 636 eorem
622 573 766 636 saeculeri
801 573 925 656 judice,
951 573 1047 636 etiam
1077 572 1104 636 si

165 683 275 728 coram
297 664 405 746 judice
427 664 508 728 laico
529 670 639 729 contra
654 667 837 729 defunctum
851 665 968 729 laicum
986 665 1024 726 lis
1035 665 1117 746 jam

164 759 279 820 fuisset
287 758 434 820 inchoate
445 778 453 820 :
465 777 567 840 neque
578 759 727 841 enimper
733 759 978 839 praeventionem
986 758 1104 839 judicis

42 923 45 932 ,
164 851 239 914 laici
261 849 405 930 perditur
419 851 618 933 privilegium
632 853 691 916 fori
711 853 833 916 clericis
851 851 1009 929 concessi,
1030 869 1103 914 cum

37 971 39 980 ·
166 943 326 1006 bocuullo
337 942 410 1024 jure
423 945 585 1022 probetur.

208 1039 317 1116 Neque
332 1036 495 1098 conveniri
507 1041 612 1116 potest
625 1037 757 1100 clericus
771 1056 879 1100 coram
899 1037 980 1102 laico
996 1038 1103 1120 judice
1173 1041 1175 1054 '

165 1130 199 1192 in
224 1148 320 1192 causa
340 1130 499 1192 communi
526 1131 642 1194 clerico
665 1150 738 1194 cum
756 1131 858 1210 laico,
885 1136 941 1194 eut
961 1131 1104 1214 pluribus

168 1223 258 1286 laicis
269 1226 399 1302 proptor
409 1223 614 1302 consortium,
623 1224 680 1286 sed
689 1224 911 1303 contrapadus
920 1225 989 1286 tleri
997 1225 1102 1302 debet,

168 1321 204 1380 ut
223 1316 322 1378 laicus
336 1335 443 1379 coram
457 1317 669 1380 ecclesiastico
680 1317 788 1398 judice
802 1317 835 1380 in
849 1335 945 1380 causa
959 1318 1014 1380 tali
1030 1335 1105 1381 cum

163 1410 277 1474 clerico
301 1410 460 1473 communi
486 1410 693 1474 convenietur
721 1409 807 1490 (quia
832 1409 934 1490 magis
970 1410 1102 1490 dignum

162 1504 261 1566 trabit
274 1503 360 1566 adse
374 1504 478 1579 minus
492 1503 647 1584 dignum),
660 1503 800 1566 sitamen
815 1521 911 1566 cause
926 1502 1023 1566 dividi
1036 1521 1100 1566 nou

161 1596 277 1676 possit;
291 1596 317 1657 si
327 1596 412 1658 enim
420 1596 549 1658 dividua
559 1601 652 1675 esset,
663 1596 795 1678 quisque
806 1615 914 1682 coram
924 1615 981 1658 suo
988 1595 1102 1678 judice·

162 1688 322 1750 conveniri
348 1689 488 1752 deberet.
515 1691 624 1770 Neque
646 1689 783 1770 denique
808 1689 969 1772 eonvqpipi
994 1691 1098 1768 potest

165 1781 296 1844 clericus
310 1801 418 1844 eoram
433 1781 541 1863 judice
563 1782 663 1861 laico,
682 1783 778 1846 ctiam
792 1785 960 1846 tentum-:1
975 1800 1096 1862 posscs-

162 1875 246 1954 sorio
258 1879 381 1955 agatur,
397 1894 460 1937 non
476 1875 605 1956 quidem
619 1877 752 1939 fortasse
767 1879 898 1955 propter
911 1875 1098 1958 qualitatem

160 1986 274 2046 causae,
291 1968 347 2030 sed
362 1972 491 2048 propter
505 1969 690 2049 qualitatem
698 1987 856 2051 personae.

177 2071 178 2075 ’
201 2063 281 2124 Sunt
300 2065 407 2124 tamen
426 2062 532 2143 plnres
553 2062 649 2126 etiam
666 2081 775 2141 casus,
798 2062 966 2143 inquibus
990 2059 1099 2124 clerici

164 2172 272 2217 cerem
277 2154 384 2236 judice
394 2155 474 2217 laico
485 2155 646 2219 conveniri
656 2159 799 2237 possunt.
807 2157 846 2217 ut
855 2156 957 2236 primo
970 2155 1098 2236 quidem

133 2270 136 2278 ·
165 2247 197 2308 in
212 2247 316 2310 causis
337 2247 514 2310 feudalibus
527 2267 596 2328 cap.
610 2249 739 2324 Verum,
761 2253 791 2324 7,
808 2248 840 2308 h.
861 2251 885 2308 t.
906 2247 1051 2310 Secundo
1066 2247 1098 2305 in

164 2359 239 2402 casu
254 2341 412 2421 quobona
425 2340 600 2404 immobilia
614 2339 745 2415 clericis,
761 2339 813 2400 vel
825 2337 965 2400 ecclesiis
983 2338 1099 2398 donate

164 2436 221 2495 out
234 2431 309 2495 data
322 2437 406 2511 sunt,
423 2452 496 2496 cum
510 2433 564 2495 teli
579 2435 691 2512 pacto,
707 2449 763 2492 sen
779 2427 977 2506 conditione,
992 2433 1027 2489 ut
1040 2429 1098 2490 sub
1127 2455 1131 2466 ¹

166 2526 279 2589 eedem
292 2526 358 2589 foro
373 2531 541 2606 maneant,
563 2526 622 2588 sub
635 2543 697 2607 quo
712 2523 799 2604 prius
814 2522 1003 2599 existebant,
1028 2539 1098 2602 quse

165 2617 313 2698 conditio,
330 2623 437 2699 utpote
448 2619 545 2700 juste,
561 2620 586 2682 si
600 2620 640 2682 ab
654 2619 786 2682 ecclesie
798 2617 938 2694 donatio,
950 2615 1002 2678 vel
1012 2614 1096 2676 detio

164 2711 236 2773 talis
250 2716 443 2792 acceptatur,
457 2712 615 2774 servanda
629 2715 686 2788 est,
701 2718 795 2794 prout
807 2710 964 2791 principes
975 2705 1097 2786 imperii

167 2805 369 2870 ecclesiastici
384 2805 506 2868 ratione
530 2824 660 2876 suorum
679 2804 929 2884 privilegiorum,
953 2805 984 2864 et
1005 2817 1097 2879 nege-¹

164 2896 253 2976 bum,
270 2917 341 2978 quae
363 2898 403 2960 ab
418 2898 550 2978 imperio
566 2898 694 2976 hebent,
712 2897 845 2977 imperio
867 2893 998 2976 subjecti
1013 2895 1095 2953 sunt.

165 2991 269 3077 ‘lertio
284 2991 310 3054 si
323 2995 437 3072 agatur
452 2995 561 3054 eontra
575 2989 691 3052 laicum
703 2991 743 3051 ed
757 2987 965 3051 evincendum
980 2983 1098 3060 abipso

165 3103 243 3163 rem,
259 3103 355 3165 quom
368 3085 443 3146 emit
458 3104 477 3146 a
494 3085 618 3157 clerico,
636 3085 668 3144 et
686 3082 817 3143 clericus
832 3078 978 3141 venditor
990 3075 1031 3135 ad
1046 3074 1102 3150 def
1183 3131 1184 3134 ,
1253 3107 1254 3110 =

165 3178 359 3240 tendendum
374 3182 549 3258 emptorem
561 3177 589 3237 ei
612 3175 760 3237 assistere.
771 3172 856 3248 velit,
876 3186 983 3231 coram
991 3167 1098 3250 jndice

166 3271 320 3349 saeculari,
336 3271 433 3351 ipsius
446 3270 565 3332 scilieet
576 3267 736 3348 emptoris,
749 3281 932 3343 comparere
945 3262 1048 3327 debet.
1061 3262 1100 3322 ut

167 3372 278 3447 quarto
294 3365 385 3428 sicuti
397 3365 496 3426 laicus
508 3363 630 3425 ratione
645 3357 924 3424 administrationis
937 3355 1104 3428 ecelesias,

165 3458 235 3525 lieae
260 3477 490 3544 nonnunquam¹
509 3457 603 3526 debet
631 3473 738 3522 ocrem
758 3452 866 3540 judice
889 3448 1099 3516 ecclesiastico

254 3579 318 3627 rou.
338 3580 377 3626 ιιι.
813 3649 814 3652 ¹
994 3559 1011 3614 2
