<?xml version="1.0" encoding="UTF-8"?>
<!DOCTYPE html PUBLIC "-//W3C//DTD XHTML 1.0 Transitional//EN"
    "http://www.w3.org/TR/xhtml1/DTD/xhtml1-transitional.dtd">
<html xmlns="http://www.w3.org/1999/xhtml" xml:lang="en" lang="en">
 <head>
  <title>
</title>
<meta http-equiv="Content-Type" content="text/html;charset=utf-8" />
  <meta name='ocr-system' content='tesseract 3.04.00' />
  <meta name='ocr-capabilities' content='ocr_page ocr_carea ocr_par ocr_line ocrx_word'/>
</head>
<body>
  <div class='ocr_page' id='page_1' title='image "./institutionesju01marigoog_0014.png"; bbox 0 0 2584 4022; ppageno 0'>
   <div class='ocr_carea' id='block_1_1' title="bbox 568 267 1131 328">
    <p class='ocr_par' dir='ltr' id='par_1_1' title="bbox 568 267 1131 328">
     <span class='ocr_line' id='line_1_1' title="bbox 568 267 1131 328; baseline 0.011 -6"><span class='ocrx_word' id='word_1_1' title='bbox 568 275 606 322; x_wconf 85' lang='lat' dir='ltr'><strong>nn</strong></span> <span class='ocrx_word' id='word_1_2' title='bbox 627 273 764 326; x_wconf 79' lang='lat' dir='ltr'><strong>sonmns.</strong></span> <span class='ocrx_word' id='word_1_3' title='bbox 1110 267 1131 328; x_wconf 82' lang='lat' dir='ltr'><strong>&#39;l</strong></span> 
     </span>
    </p>
   </div>
   <div class='ocr_carea' id='block_1_2' title="bbox 194 419 1132 1990">
    <p class='ocr_par' dir='ltr' id='par_1_2' title="bbox 196 419 1132 1412">
     <span class='ocr_line' id='line_1_2' title="bbox 198 419 1132 501; baseline 0.007 -18"><span class='ocrx_word' id='word_1_4' title='bbox 198 419 409 498; x_wconf 78' lang='lat' dir='ltr'><strong>beneficiales,</strong></span> <span class='ocrx_word' id='word_1_5' title='bbox 426 419 606 498; x_wconf 83' lang='lat' dir='ltr'><strong>decimales,</strong></span> <span class='ocrx_word' id='word_1_6' title='bbox 618 421 876 501; x_wconf 77' lang='lat' dir='ltr'><strong>matumoniales,</strong></span> <span class='ocrx_word' id='word_1_7' title='bbox 891 425 965 499; x_wconf 86' lang='lat' dir='ltr'><strong>eto.;</strong></span> <span class='ocrx_word' id='word_1_8' title='bbox 980 422 1048 488; x_wconf 80' lang='lat' dir='ltr'><strong>aliae</strong></span> <span class='ocrx_word' id='word_1_9' title='bbox 1059 429 1132 491; x_wconf 84' lang='lat' dir='ltr'><strong>sunt</strong></span> 
     </span>
     <span class='ocr_line' id='line_1_3' title="bbox 199 513 1132 596; baseline 0.005 -19"><span class='ocrx_word' id='word_1_10' title='bbox 199 533 301 577; x_wconf 84' lang='lat' dir='ltr'><strong>oausae</strong></span> <span class='ocrx_word' id='word_1_11' title='bbox 312 531 399 575; x_wconf 86' lang='lat' dir='ltr'><strong>mere</strong></span> <span class='ocrx_word' id='word_1_12' title='bbox 413 513 613 594; x_wconf 84' lang='lat' dir='ltr'><strong>temporales,</strong></span> <span class='ocrx_word' id='word_1_13' title='bbox 626 532 777 593; x_wconf 85' lang='lat' dir='ltr'><strong>eausoe,v.</strong></span> <span class='ocrx_word' id='word_1_14' title='bbox 793 535 838 596; x_wconf 65' lang='lat' dir='ltr'><strong>g,</strong></span> <span class='ocrx_word' id='word_1_15' title='bbox 847 517 1132 596; x_wconf 55' lang='lat' dir='ltr'><strong>contractuumfin-</strong></span> 
     </span>
     <span class='ocr_line' id='line_1_4' title="bbox 198 607 1131 694; baseline 0.006 -24"><span class='ocrx_word' id='word_1_16' title='bbox 198 610 455 684; x_wconf 78' lang='lat' dir='ltr'><strong>strumentorum,</strong></span> <span class='ocrx_word' id='word_1_17' title='bbox 471 611 531 669; x_wconf 88' lang='lat' dir='ltr'><strong>ete.</strong></span> <span class='ocrx_word' id='word_1_18' title='bbox 544 627 552 681; x_wconf 84' lang='lat'>3</span> <span class='ocrx_word' id='word_1_19' title='bbox 575 607 614 668; x_wconf 88' lang='lat' dir='ltr'><strong>de</strong></span> <span class='ocrx_word' id='word_1_20' title='bbox 634 607 694 669; x_wconf 90' lang='lat' dir='ltr'><strong>illis</strong></span> <span class='ocrx_word' id='word_1_21' title='bbox 709 627 759 670; x_wconf 88' lang='lat' dir='ltr'><strong>res</strong></span> <span class='ocrx_word' id='word_1_22' title='bbox 773 609 844 672; x_wconf 88' lang='lat' dir='ltr'><strong>talis</strong></span> <span class='ocrx_word' id='word_1_23' title='bbox 860 613 1023 690; x_wconf 70' lang='lat' dir='ltr'><strong>aestaset,</strong></span> <span class='ocrx_word' id='word_1_24' title='bbox 1046 613 1131 694; x_wconf 86' lang='lat' dir='ltr'><strong>quod</strong></span> 
     </span>
     <span class='ocr_line' id='line_1_5' title="bbox 198 700 1127 784; baseline 0.005 -22"><span class='ocrx_word' id='word_1_25' title='bbox 198 701 268 762; x_wconf 88' lang='lat' dir='ltr'><strong>laioi</strong></span> <span class='ocrx_word' id='word_1_26' title='bbox 294 715 407 761; x_wconf 88' lang='lat' dir='ltr'><strong>eausas</strong></span> <span class='ocrx_word' id='word_1_27' title='bbox 432 700 659 762; x_wconf 75' lang='lat' dir='ltr'><strong>ecclesiasticas</strong></span> <span class='ocrx_word' id='word_1_28' title='bbox 687 718 877 781; x_wconf 79' lang='lat' dir='ltr'><strong>eognosoore</strong></span> <span class='ocrx_word' id='word_1_29' title='bbox 905 706 1127 784; x_wconf 89' lang='lat' dir='ltr'><strong>nonpossint,</strong></span> 
     </span>
     <span class='ocr_line' id='line_1_6' title="bbox 199 793 1130 878; baseline 0.008 -24"><span class='ocrx_word' id='word_1_30' title='bbox 199 793 294 855; x_wconf 88' lang='lat' dir='ltr'><strong>etiam</strong></span> <span class='ocrx_word' id='word_1_31' title='bbox 313 793 345 854; x_wconf 91' lang='lat' dir='ltr'><strong>in</strong></span> <span class='ocrx_word' id='word_1_32' title='bbox 371 811 445 854; x_wconf 80' lang='lat' dir='ltr'><strong>casu</strong></span> <span class='ocrx_word' id='word_1_33' title='bbox 461 793 687 874; x_wconf 81' lang='lat' dir='ltr'><strong>negligentium</strong></span> <span class='ocrx_word' id='word_1_34' title='bbox 706 795 1002 874; x_wconf 79' lang='lat' dir='ltr'><strong>ecelesiasticorum,</strong></span> <span class='ocrx_word' id='word_1_35' title='bbox 1029 816 1130 878; x_wconf 88' lang='lat' dir='ltr'><strong>neque</strong></span> 
     </span>
     <span class='ocr_line' id='line_1_7' title="bbox 198 885 1131 970; baseline 0.004 -22"><span class='ocrx_word' id='word_1_36' title='bbox 198 886 325 968; x_wconf 85' lang='lat' dir='ltr'><strong>propria</strong></span> <span class='ocrx_word' id='word_1_37' title='bbox 353 885 552 964; x_wconf 78' lang='lat' dir='ltr'><strong>auctoritate,</strong></span> <span class='ocrx_word' id='word_1_38' title='bbox 579 905 682 968; x_wconf 85' lang='lat' dir='ltr'><strong>neque</strong></span> <span class='ocrx_word' id='word_1_39' title='bbox 710 907 749 949; x_wconf 86' lang='lat' dir='ltr'><strong>ex</strong></span> <span class='ocrx_word' id='word_1_40' title='bbox 775 888 992 951; x_wconf 80' lang='lat' dir='ltr'><strong>commissione</strong></span> <span class='ocrx_word' id='word_1_41' title='bbox 1017 891 1131 970; x_wconf 75' lang='lat' dir='ltr'><strong>praela-</strong></span> 
     </span>
     <span class='ocr_line' id='line_1_8' title="bbox 198 977 1129 1062; baseline 0.005 -21"><span class='ocrx_word' id='word_1_42' title='bbox 198 981 302 1041; x_wconf 86' lang='lat' dir='ltr'><strong>tornm</strong></span> <span class='ocrx_word' id='word_1_43' title='bbox 315 977 609 1057; x_wconf 77' lang='lat' dir='ltr'><strong>ecelesiasticorum,</strong></span> <span class='ocrx_word' id='word_1_44' title='bbox 618 984 749 1061; x_wconf 83' lang='lat' dir='ltr'><strong>excepta</strong></span> <span class='ocrx_word' id='word_1_45' title='bbox 762 980 957 1061; x_wconf 87' lang='lat' dir='ltr'><strong>plenitudine</strong></span> <span class='ocrx_word' id='word_1_46' title='bbox 967 984 1129 1062; x_wconf 84' lang='lat' dir='ltr'><strong>potestatis</strong></span> 
     </span>
     <span class='ocr_line' id='line_1_9' title="bbox 197 1071 1130 1152; baseline 0.009 -21"><span class='ocrx_word' id='word_1_47' title='bbox 197 1071 388 1150; x_wconf 87' lang='lat' dir='ltr'><strong>prinoipalis,</strong></span> <span class='ocrx_word' id='word_1_48' title='bbox 403 1089 461 1150; x_wconf 89' lang='lat' dir='ltr'><strong>por</strong></span> <span class='ocrx_word' id='word_1_49' title='bbox 473 1091 568 1152; x_wconf 81' lang='lat' dir='ltr'><strong>quom</strong></span> <span class='ocrx_word' id='word_1_50' title='bbox 580 1072 659 1135; x_wconf 90' lang='lat' dir='ltr'><strong>laioo</strong></span> <span class='ocrx_word' id='word_1_51' title='bbox 670 1073 765 1137; x_wconf 88' lang='lat' dir='ltr'><strong>etiam</strong></span> <span class='ocrx_word' id='word_1_52' title='bbox 771 1075 850 1136; x_wconf 84' lang='lat' dir='ltr'><strong>tales</strong></span> <span class='ocrx_word' id='word_1_53' title='bbox 861 1091 963 1137; x_wconf 82' lang='lat' dir='ltr'><strong>oausae</strong></span> <span class='ocrx_word' id='word_1_54' title='bbox 978 1075 1130 1140; x_wconf 82' lang='lat' dir='ltr'><strong>committi</strong></span> 
     </span>
     <span class='ocr_line' id='line_1_10' title="bbox 196 1164 1130 1248; baseline 0.005 -22"><span class='ocrx_word' id='word_1_55' title='bbox 196 1169 344 1244; x_wconf 83' lang='lat' dir='ltr'><strong>possuut3</strong></span> <span class='ocrx_word' id='word_1_56' title='bbox 363 1183 435 1226; x_wconf 84' lang='lat' dir='ltr'><strong>enm</strong></span> <span class='ocrx_word' id='word_1_57' title='bbox 449 1164 545 1226; x_wconf 82' lang='lat' dir='ltr'><strong>laicos</strong></span> <span class='ocrx_word' id='word_1_58' title='bbox 557 1165 661 1244; x_wconf 89' lang='lat' dir='ltr'><strong>potius</strong></span> <span class='ocrx_word' id='word_1_59' title='bbox 676 1171 804 1230; x_wconf 85' lang='lat' dir='ltr'><strong>maneat</strong></span> <span class='ocrx_word' id='word_1_60' title='bbox 817 1168 1009 1248; x_wconf 89' lang='lat' dir='ltr'><strong>obsequendi</strong></span> <span class='ocrx_word' id='word_1_61' title='bbox 1021 1187 1130 1231; x_wconf 86' lang='lat' dir='ltr'><strong>neees-</strong></span> 
     </span>
     <span class='ocr_line' id='line_1_11' title="bbox 196 1257 1130 1340; baseline 0.007 -23"><span class='ocrx_word' id='word_1_62' title='bbox 196 1257 271 1318; x_wconf 86' lang='lat' dir='ltr'><strong>sitas</strong></span> <span class='ocrx_word' id='word_1_63' title='bbox 286 1257 318 1316; x_wconf 93' lang='lat' dir='ltr'><strong>in</strong></span> <span class='ocrx_word' id='word_1_64' title='bbox 334 1257 443 1318; x_wconf 87' lang='lat' dir='ltr'><strong>ordine</strong></span> <span class='ocrx_word' id='word_1_65' title='bbox 459 1258 499 1318; x_wconf 92' lang='lat' dir='ltr'><strong>ad</strong></span> <span class='ocrx_word' id='word_1_66' title='bbox 516 1258 701 1338; x_wconf 78' lang='lat' dir='ltr'><strong>lindesiam,</strong></span> <span class='ocrx_word' id='word_1_67' title='bbox 717 1277 813 1339; x_wconf 89' lang='lat' dir='ltr'><strong>quam</strong></span> <span class='ocrx_word' id='word_1_68' title='bbox 832 1260 1007 1340; x_wconf 85' lang='lat' dir='ltr'><strong>imperandi</strong></span> <span class='ocrx_word' id='word_1_69' title='bbox 1022 1265 1130 1324; x_wconf 88' lang='lat' dir='ltr'><strong>auoto-</strong></span> 
     </span>
     <span class='ocr_line' id='line_1_12' title="bbox 198 1349 286 1412; baseline 0.023 -2"><span class='ocrx_word' id='word_1_70' title='bbox 198 1349 286 1412; x_wconf 82' lang='lat' dir='ltr'><strong>ritas.</strong></span> 
     </span>
    </p>

    <p class='ocr_par' dir='ltr' id='par_1_3' title="bbox 194 1443 1129 1990">
     <span class='ocr_line' id='line_1_13' title="bbox 235 1443 1126 1525; baseline 0.002 -19"><span class='ocrx_word' id='word_1_71' title='bbox 235 1445 274 1506; x_wconf 78' lang='lat' dir='ltr'><strong>st</strong></span> <span class='ocrx_word' id='word_1_72' title='bbox 288 1443 432 1523; x_wconf 85' lang='lat' dir='ltr'><strong>quamvis</strong></span> <span class='ocrx_word' id='word_1_73' title='bbox 453 1446 581 1525; x_wconf 81' lang='lat' dir='ltr'><strong>negotia</strong></span> <span class='ocrx_word' id='word_1_74' title='bbox 594 1463 681 1507; x_wconf 88' lang='lat' dir='ltr'><strong>mere</strong></span> <span class='ocrx_word' id='word_1_75' title='bbox 703 1445 890 1525; x_wconf 80' lang='lat' dir='ltr'><strong>temporalia</strong></span> <span class='ocrx_word' id='word_1_76' title='bbox 906 1446 1126 1525; x_wconf 82' lang='lat' dir='ltr'><strong>eeclesiarum,</strong></span> 
     </span>
     <span class='ocr_line' id='line_1_14' title="bbox 198 1537 1127 1616; baseline 0.005 -19"><span class='ocrx_word' id='word_1_77' title='bbox 198 1539 231 1597; x_wconf 88' lang='lat' dir='ltr'><strong>et</strong></span> <span class='ocrx_word' id='word_1_78' title='bbox 253 1551 460 1616; x_wconf 85' lang='lat' dir='ltr'><strong>personarum</strong></span> <span class='ocrx_word' id='word_1_79' title='bbox 484 1539 767 1601; x_wconf 79' lang='lat' dir='ltr'><strong>ecclesiastieorum</strong></span> <span class='ocrx_word' id='word_1_80' title='bbox 785 1537 880 1601; x_wconf 87' lang='lat' dir='ltr'><strong>etiam</strong></span> <span class='ocrx_word' id='word_1_81' title='bbox 900 1539 971 1602; x_wconf 85' lang='lat' dir='ltr'><strong>laioi</strong></span> <span class='ocrx_word' id='word_1_82' title='bbox 991 1543 1127 1602; x_wconf 77' lang='lat' dir='ltr'><strong>tractare</strong></span> 
     </span>
     <span class='ocr_line' id='line_1_15' title="bbox 195 1629 1126 1714; baseline 0.005 -24"><span class='ocrx_word' id='word_1_83' title='bbox 195 1629 315 1709; x_wconf 84' lang='lat' dir='ltr'><strong>possint</strong></span> <span class='ocrx_word' id='word_1_84' title='bbox 336 1629 373 1710; x_wconf 87' lang='lat' dir='ltr'><strong>(si</strong></span> <span class='ocrx_word' id='word_1_85' title='bbox 398 1629 517 1692; x_wconf 89' lang='lat' dir='ltr'><strong>soilioet</strong></span> <span class='ocrx_word' id='word_1_86' title='bbox 531 1631 736 1692; x_wconf 83' lang='lat' dir='ltr'><strong>ecelesiarum</strong></span> <span class='ocrx_word' id='word_1_87' title='bbox 750 1631 906 1694; x_wconf 84' lang='lat' dir='ltr'><strong>oeoonomi</strong></span> <span class='ocrx_word' id='word_1_88' title='bbox 923 1631 1008 1710; x_wconf 87' lang='lat' dir='ltr'><strong>sede,</strong></span> <span class='ocrx_word' id='word_1_89' title='bbox 1025 1653 1056 1695; x_wconf 87' lang='lat' dir='ltr'><strong>v.</strong></span> <span class='ocrx_word' id='word_1_90' title='bbox 1079 1653 1126 1714; x_wconf 79' lang='lat' dir='ltr'><strong>g.,</strong></span> 
     </span>
     <span class='ocr_line' id='line_1_16' title="bbox 194 1723 1129 1804; baseline 0.005 -21"><span class='ocrx_word' id='word_1_91' title='bbox 194 1726 325 1785; x_wconf 80' lang='lat' dir='ltr'><strong>venante</strong></span> <span class='ocrx_word' id='word_1_92' title='bbox 336 1723 589 1803; x_wconf 73' lang='lat' dir='ltr'><strong>constituantur),</strong></span> <span class='ocrx_word' id='word_1_93' title='bbox 604 1742 662 1804; x_wconf 87' lang='lat' dir='ltr'><strong>per</strong></span> <span class='ocrx_word' id='word_1_94' title='bbox 673 1725 734 1786; x_wconf 87' lang='lat' dir='ltr'><strong>hoo</strong></span> <span class='ocrx_word' id='word_1_95' title='bbox 745 1727 850 1787; x_wconf 86' lang='lat' dir='ltr'><strong>tamen</strong></span> <span class='ocrx_word' id='word_1_96' title='bbox 860 1726 946 1786; x_wconf 87' lang='lat' dir='ltr'><strong>nulla</strong></span> <span class='ocrx_word' id='word_1_97' title='bbox 955 1725 1055 1788; x_wconf 92' lang='lat' dir='ltr'><strong>illisin</strong></span> <span class='ocrx_word' id='word_1_98' title='bbox 1065 1726 1129 1788; x_wconf 88' lang='lat' dir='ltr'><strong>ole-</strong></span> 
     </span>
     <span class='ocr_line' id='line_1_17' title="bbox 194 1815 1125 1897; baseline 0.004 -21"><span class='ocrx_word' id='word_1_99' title='bbox 194 1815 276 1876; x_wconf 87' lang='lat' dir='ltr'><strong>rieos</strong></span> <span class='ocrx_word' id='word_1_100' title='bbox 290 1815 538 1895; x_wconf 75' lang='lat' dir='ltr'><strong>preeminentia,</strong></span> <span class='ocrx_word' id='word_1_101' title='bbox 560 1817 765 1896; x_wconf 80' lang='lat' dir='ltr'><strong>gubernatio,</strong></span> <span class='ocrx_word' id='word_1_102' title='bbox 782 1821 837 1879; x_wconf 91' lang='lat' dir='ltr'><strong>aut</strong></span> <span class='ocrx_word' id='word_1_103' title='bbox 849 1819 987 1897; x_wconf 87' lang='lat' dir='ltr'><strong>potestas</strong></span> <span class='ocrx_word' id='word_1_104' title='bbox 1002 1819 1125 1881; x_wconf 84' lang='lat' dir='ltr'><strong>eonfer-</strong></span> 
     </span>
     <span class='ocr_line' id='line_1_18' title="bbox 194 1909 1126 1990; baseline 0.008 -22"><span class='ocrx_word' id='word_1_105' title='bbox 194 1909 263 1981; x_wconf 80' lang='lat' dir='ltr'><strong>tur3</strong></span> <span class='ocrx_word' id='word_1_106' title='bbox 280 1926 382 1989; x_wconf 88' lang='lat' dir='ltr'><strong>neque</strong></span> <span class='ocrx_word' id='word_1_107' title='bbox 395 1912 502 1970; x_wconf 79' lang='lat' dir='ltr'><strong>tannen</strong></span> <span class='ocrx_word' id='word_1_108' title='bbox 524 1914 656 1988; x_wconf 88' lang='lat' dir='ltr'><strong>possunt</strong></span> <span class='ocrx_word' id='word_1_109' title='bbox 674 1910 859 1974; x_wconf 80' lang='lat' dir='ltr'><strong>auctoritate</strong></span> <span class='ocrx_word' id='word_1_110' title='bbox 873 1910 1001 1990; x_wconf 82' lang='lat' dir='ltr'><strong>propria</strong></span> <span class='ocrx_word' id='word_1_111' title='bbox 1015 1929 1126 1975; x_wconf 82' lang='lat' dir='ltr'><strong>oauses</strong></span> 
     </span>
    </p>
   </div>
   <div class='ocr_carea' id='block_1_3' title="bbox 191 1998 1127 2269">
    <p class='ocr_par' dir='ltr' id='par_1_4' title="bbox 191 1998 1127 2269">
     <span class='ocr_line' id='line_1_19' title="bbox 191 1998 1127 2085; baseline 0.005 -24"><span class='ocrx_word' id='word_1_112' title='bbox 191 1998 358 2082; x_wconf 77' lang='lat' dir='ltr'><strong>judiciales</strong></span> <span class='ocrx_word' id='word_1_113' title='bbox 371 1999 580 2080; x_wconf 86' lang='lat' dir='ltr'><strong>peouniarias,</strong></span> <span class='ocrx_word' id='word_1_114' title='bbox 594 2021 650 2064; x_wconf 91' lang='lat' dir='ltr'><strong>seu</strong></span> <span class='ocrx_word' id='word_1_115' title='bbox 660 2021 747 2065; x_wconf 86' lang='lat' dir='ltr'><strong>mere</strong></span> <span class='ocrx_word' id='word_1_116' title='bbox 756 2003 873 2080; x_wconf 85' lang='lat' dir='ltr'><strong>civiles,</strong></span> <span class='ocrx_word' id='word_1_117' title='bbox 887 2011 957 2085; x_wconf 78' lang='lat' dir='ltr'><strong>qua</strong></span> <span class='ocrx_word' id='word_1_118' title='bbox 966 2003 1127 2085; x_wconf 87' lang='lat' dir='ltr'><strong>interper-</strong></span> 
     </span>
     <span class='ocr_line' id='line_1_20' title="bbox 193 2093 1125 2174; baseline 0.005 -20"><span class='ocrx_word' id='word_1_119' title='bbox 193 2109 288 2154; x_wconf 86' lang='lat' dir='ltr'><strong>sonas</strong></span> <span class='ocrx_word' id='word_1_120' title='bbox 314 2093 539 2155; x_wconf 80' lang='lat' dir='ltr'><strong>aeclesiasticas</strong></span> <span class='ocrx_word' id='word_1_121' title='bbox 563 2098 618 2156; x_wconf 83' lang='lat' dir='ltr'><strong>aut</strong></span> <span class='ocrx_word' id='word_1_122' title='bbox 640 2096 808 2174; x_wconf 83' lang='lat' dir='ltr'><strong>eeclesias,</strong></span> <span class='ocrx_word' id='word_1_123' title='bbox 833 2095 884 2158; x_wconf 85' lang='lat' dir='ltr'><strong>vel</strong></span> <span class='ocrx_word' id='word_1_124' title='bbox 912 2098 1022 2160; x_wconf 84' lang='lat' dir='ltr'><strong>eontra</strong></span> <span class='ocrx_word' id='word_1_125' title='bbox 1046 2099 1125 2161; x_wconf 88' lang='lat' dir='ltr'><strong>tales</strong></span> 
     </span>
     <span class='ocr_line' id='line_1_21' title="bbox 197 2187 788 2269; baseline 0.01 -25"><span class='ocrx_word' id='word_1_126' title='bbox 197 2188 374 2263; x_wconf 86' lang='lat' dir='ltr'><strong>moventur,</strong></span> <span class='ocrx_word' id='word_1_127' title='bbox 392 2203 583 2266; x_wconf 74' lang='lat' dir='ltr'><strong>cognoscere</strong></span> <span class='ocrx_word' id='word_1_128' title='bbox 594 2191 625 2250; x_wconf 90' lang='lat' dir='ltr'><strong>et</strong></span> <span class='ocrx_word' id='word_1_129' title='bbox 635 2187 788 2269; x_wconf 84' lang='lat' dir='ltr'><strong>judicare.</strong></span> 
     </span>
    </p>
   </div>
   <div class='ocr_carea' id='block_1_4' title="bbox 186 2278 1177 3566">
    <p class='ocr_par' dir='ltr' id='par_1_5' title="bbox 188 2278 1177 3104">
     <span class='ocr_line' id='line_1_22' title="bbox 233 2278 1124 2361; baseline 0.009 -23"><span class='ocrx_word' id='word_1_130' title='bbox 233 2278 380 2350; x_wconf 83' lang='lat' dir='ltr'><strong>Quamvis</strong></span> <span class='ocrx_word' id='word_1_131' title='bbox 405 2279 466 2341; x_wconf 87' lang='lat' dir='ltr'><strong>hoo</strong></span> <span class='ocrx_word' id='word_1_132' title='bbox 484 2280 588 2342; x_wconf 85' lang='lat' dir='ltr'><strong>faeere</strong></span> <span class='ocrx_word' id='word_1_133' title='bbox 607 2282 729 2361; x_wconf 86' lang='lat' dir='ltr'><strong>possint</strong></span> <span class='ocrx_word' id='word_1_134' title='bbox 751 2301 790 2343; x_wconf 82' lang='lat' dir='ltr'><strong>ex</strong></span> <span class='ocrx_word' id='word_1_135' title='bbox 811 2283 1045 2361; x_wconf 85' lang='lat' dir='ltr'><strong>commissione,</strong></span> <span class='ocrx_word' id='word_1_136' title='bbox 1069 2301 1124 2346; x_wconf 89' lang='lat' dir='ltr'><strong>seu</strong></span> 
     </span>
     <span class='ocr_line' id='line_1_23' title="bbox 193 2369 1123 2454; baseline 0.006 -24"><span class='ocrx_word' id='word_1_137' title='bbox 193 2369 390 2450; x_wconf 76' lang='lat' dir='ltr'><strong>delegatione</strong></span> <span class='ocrx_word' id='word_1_138' title='bbox 405 2373 527 2452; x_wconf 83' lang='lat' dir='ltr'><strong>praelati</strong></span> <span class='ocrx_word' id='word_1_139' title='bbox 542 2372 754 2450; x_wconf 75' lang='lat' dir='ltr'><strong>ecelesiastici,</strong></span> <span class='ocrx_word' id='word_1_140' title='bbox 769 2373 880 2435; x_wconf 87' lang='lat' dir='ltr'><strong>saltem</strong></span> <span class='ocrx_word' id='word_1_141' title='bbox 889 2373 922 2432; x_wconf 91' lang='lat' dir='ltr'><strong>in</strong></span> <span class='ocrx_word' id='word_1_142' title='bbox 937 2389 1011 2434; x_wconf 88' lang='lat' dir='ltr'><strong>oasu</strong></span> <span class='ocrx_word' id='word_1_143' title='bbox 1020 2373 1123 2454; x_wconf 88' lang='lat' dir='ltr'><strong>aliquo</strong></span> 
     </span>
     <span class='ocr_line' id='line_1_24' title="bbox 191 2461 1123 2548; baseline 0.008 -26"><span class='ocrx_word' id='word_1_144' title='bbox 191 2461 388 2541; x_wconf 82' lang='lat' dir='ltr'><strong>partioulari‚</strong></span> <span class='ocrx_word' id='word_1_145' title='bbox 414 2483 486 2525; x_wconf 90' lang='lat' dir='ltr'><strong>oum</strong></span> <span class='ocrx_word' id='word_1_146' title='bbox 510 2464 582 2527; x_wconf 85' lang='lat' dir='ltr'><strong>talis</strong></span> <span class='ocrx_word' id='word_1_147' title='bbox 607 2463 761 2544; x_wconf 80' lang='lat' dir='ltr'><strong>delegatio</strong></span> <span class='ocrx_word' id='word_1_148' title='bbox 784 2481 847 2526; x_wconf 91' lang='lat' dir='ltr'><strong>non</strong></span> <span class='ocrx_word' id='word_1_149' title='bbox 875 2464 915 2526; x_wconf 87' lang='lat' dir='ltr'><strong>sit</strong></span> <span class='ocrx_word' id='word_1_150' title='bbox 939 2465 1047 2526; x_wconf 87' lang='lat' dir='ltr'><strong>eontra</strong></span> <span class='ocrx_word' id='word_1_151' title='bbox 1070 2465 1123 2548; x_wconf 84' lang='lat' dir='ltr'><strong>jus</strong></span> 
     </span>
     <span class='ocr_line' id='line_1_25' title="bbox 193 2553 1123 2638; baseline 0.006 -22"><span class='ocrx_word' id='word_1_152' title='bbox 193 2573 371 2633; x_wconf 82' lang='lat' dir='ltr'><strong>commune,</strong></span> <span class='ocrx_word' id='word_1_153' title='bbox 386 2562 418 2618; x_wconf 89' lang='lat' dir='ltr'><strong>et</strong></span> <span class='ocrx_word' id='word_1_154' title='bbox 430 2557 529 2619; x_wconf 87' lang='lat' dir='ltr'><strong>laieus</strong></span> <span class='ocrx_word' id='word_1_155' title='bbox 548 2559 581 2618; x_wconf 92' lang='lat' dir='ltr'><strong>in</strong></span> <span class='ocrx_word' id='word_1_156' title='bbox 597 2556 651 2619; x_wconf 82' lang='lat' dir='ltr'><strong>tali</strong></span> <span class='ocrx_word' id='word_1_157' title='bbox 664 2575 738 2620; x_wconf 82' lang='lat' dir='ltr'><strong>casu</strong></span> <span class='ocrx_word' id='word_1_158' title='bbox 750 2556 851 2638; x_wconf 77' lang='lat' dir='ltr'><strong>magis</strong></span> <span class='ocrx_word' id='word_1_159' title='bbox 863 2559 970 2621; x_wconf 84' lang='lat' dir='ltr'><strong>utatur</strong></span> <span class='ocrx_word' id='word_1_160' title='bbox 978 2553 1123 2638; x_wconf 80' lang='lat' dir='ltr'><strong>jurisdic-</strong></span> 
     </span>
     <span class='ocr_line' id='line_1_26' title="bbox 190 2645 1121 2733; baseline 0.004 -25"><span class='ocrx_word' id='word_1_161' title='bbox 190 2645 274 2708; x_wconf 84' lang='lat' dir='ltr'><strong>tione</strong></span> <span class='ocrx_word' id='word_1_162' title='bbox 289 2647 501 2711; x_wconf 85' lang='lat' dir='ltr'><strong>eoolesiastioa</strong></span> <span class='ocrx_word' id='word_1_163' title='bbox 521 2650 695 2730; x_wconf 82' lang='lat' dir='ltr'><strong>delegantis</strong></span> <span class='ocrx_word' id='word_1_164' title='bbox 713 2651 850 2733; x_wconf 86' lang='lat' dir='ltr'><strong>(semper</strong></span> <span class='ocrx_word' id='word_1_165' title='bbox 866 2655 973 2713; x_wconf 80' lang='lat' dir='ltr'><strong>tannen</strong></span> <span class='ocrx_word' id='word_1_166' title='bbox 995 2651 1121 2730; x_wconf 86' lang='lat' dir='ltr'><strong>quando</strong></span> 
     </span>
     <span class='ocr_line' id='line_1_27' title="bbox 188 2739 1122 2824; baseline 0.003 -24"><span class='ocrx_word' id='word_1_167' title='bbox 188 2739 275 2800; x_wconf 88' lang='lat' dir='ltr'><strong>lsiois</strong></span> <span class='ocrx_word' id='word_1_168' title='bbox 297 2739 473 2821; x_wconf 83' lang='lat' dir='ltr'><strong>jurisdiotio</strong></span> <span class='ocrx_word' id='word_1_169' title='bbox 500 2747 633 2824; x_wconf 81' lang='lat' dir='ltr'><strong>negatur</strong></span> <span class='ocrx_word' id='word_1_170' title='bbox 654 2744 686 2804; x_wconf 91' lang='lat' dir='ltr'><strong>in</strong></span> <span class='ocrx_word' id='word_1_171' title='bbox 706 2745 891 2807; x_wconf 81' lang='lat' dir='ltr'><strong>elericorum</strong></span> <span class='ocrx_word' id='word_1_172' title='bbox 916 2761 1025 2805; x_wconf 83' lang='lat' dir='ltr'><strong>causas</strong></span> <span class='ocrx_word' id='word_1_173' title='bbox 1036 2742 1122 2823; x_wconf 88' lang='lat' dir='ltr'><strong>judi-</strong></span> 
     </span>
     <span class='ocr_line' id='line_1_28' title="bbox 190 2829 1177 2918; baseline 0.002 -24"><span class='ocrx_word' id='word_1_174' title='bbox 190 2832 308 2895; x_wconf 76' lang='lat' dir='ltr'><strong>candas</strong></span> <span class='ocrx_word' id='word_1_175' title='bbox 334 2835 520 2897; x_wconf 83' lang='lat' dir='ltr'><strong>auotoritate</strong></span> <span class='ocrx_word' id='word_1_176' title='bbox 541 2837 684 2916; x_wconf 89' lang='lat' dir='ltr'><strong>propria,</strong></span> <span class='ocrx_word' id='word_1_177' title='bbox 708 2836 905 2918; x_wconf 84' lang='lat' dir='ltr'><strong>excipiuntur</strong></span> <span class='ocrx_word' id='word_1_178' title='bbox 929 2853 1032 2898; x_wconf 85' lang='lat' dir='ltr'><strong>oausae</strong></span> <span class='ocrx_word' id='word_1_179' title='bbox 1055 2836 1121 2896; x_wconf 84' lang='lat' dir='ltr'><strong>feu·</strong></span> <span class='ocrx_word' id='word_1_180' title='bbox 1172 2829 1177 2842; x_wconf 64' lang='lat'>‘</span> 
     </span>
     <span class='ocr_line' id='line_1_29' title="bbox 191 2923 1119 3008; baseline 0.003 -22"><span class='ocrx_word' id='word_1_181' title='bbox 191 2923 299 3003; x_wconf 87' lang='lat' dir='ltr'><strong>dales,</strong></span> <span class='ocrx_word' id='word_1_182' title='bbox 324 2945 402 3008; x_wconf 88' lang='lat' dir='ltr'><strong>quas</strong></span> <span class='ocrx_word' id='word_1_183' title='bbox 425 2927 572 2990; x_wconf 91' lang='lat' dir='ltr'><strong>dominus</strong></span> <span class='ocrx_word' id='word_1_184' title='bbox 593 2929 697 3008; x_wconf 87' lang='lat' dir='ltr'><strong>feudi,</strong></span> <span class='ocrx_word' id='word_1_185' title='bbox 716 2931 780 2992; x_wconf 89' lang='lat' dir='ltr'><strong>sive</strong></span> <span class='ocrx_word' id='word_1_186' title='bbox 800 2930 897 2992; x_wconf 83' lang='lat' dir='ltr'><strong>laicus</strong></span> <span class='ocrx_word' id='word_1_187' title='bbox 911 2929 962 2992; x_wconf 87' lang='lat' dir='ltr'><strong>hie</strong></span> <span class='ocrx_word' id='word_1_188' title='bbox 977 2928 1031 3004; x_wconf 90' lang='lat' dir='ltr'><strong>sit,</strong></span> <span class='ocrx_word' id='word_1_189' title='bbox 1054 2926 1119 2989; x_wconf 87' lang='lat' dir='ltr'><strong>sivo</strong></span> 
     </span>
     <span class='ocr_line' id='line_1_30' title="bbox 190 3017 756 3104; baseline 0.012 -25"><span class='ocrx_word' id='word_1_190' title='bbox 190 3017 428 3097; x_wconf 75' lang='lat' dir='ltr'><strong>aeclesiasticus,</strong></span> <span class='ocrx_word' id='word_1_191' title='bbox 443 3018 617 3101; x_wconf 77' lang='lat' dir='ltr'><strong>dijudicare</strong></span> <span class='ocrx_word' id='word_1_192' title='bbox 632 3023 756 3104; x_wconf 81' lang='lat' dir='ltr'><strong>potest).</strong></span> 
     </span>
    </p>

    <p class='ocr_par' dir='ltr' id='par_1_6' title="bbox 186 3111 1119 3566">
     <span class='ocr_line' id='line_1_31' title="bbox 230 3111 1119 3191; baseline 0.002 -19"><span class='ocrx_word' id='word_1_193' title='bbox 230 3113 348 3173; x_wconf 84' lang='lat' dir='ltr'><strong>Causas</strong></span> <span class='ocrx_word' id='word_1_194' title='bbox 369 3131 444 3176; x_wconf 88' lang='lat' dir='ltr'><strong>vero</strong></span> <span class='ocrx_word' id='word_1_195' title='bbox 477 3113 654 3176; x_wconf 80' lang='lat' dir='ltr'><strong>oniminnles</strong></span> <span class='ocrx_word' id='word_1_196' title='bbox 680 3115 884 3190; x_wconf 79' lang='lat' dir='ltr'><strong>olenioorum,</strong></span> <span class='ocrx_word' id='word_1_197' title='bbox 910 3129 967 3173; x_wconf 87' lang='lat' dir='ltr'><strong>neo</strong></span> <span class='ocrx_word' id='word_1_198' title='bbox 992 3111 1119 3191; x_wconf 77' lang='lat' dir='ltr'><strong>propria</strong></span> 
     </span>
     <span class='ocr_line' id='line_1_32' title="bbox 187 3204 1119 3288; baseline 0.002 -24"><span class='ocrx_word' id='word_1_199' title='bbox 187 3204 375 3267; x_wconf 81' lang='lat' dir='ltr'><strong>auctoritate</strong></span> <span class='ocrx_word' id='word_1_200' title='bbox 400 3208 551 3286; x_wconf 88' lang='lat' dir='ltr'><strong>tanquam</strong></span> <span class='ocrx_word' id='word_1_201' title='bbox 572 3207 670 3288; x_wconf 86' lang='lat' dir='ltr'><strong>judex</strong></span> <span class='ocrx_word' id='word_1_202' title='bbox 684 3205 877 3282; x_wconf 77' lang='lat' dir='ltr'><strong>ordinariae,</strong></span> <span class='ocrx_word' id='word_1_203' title='bbox 903 3221 960 3266; x_wconf 87' lang='lat' dir='ltr'><strong>neo</strong></span> <span class='ocrx_word' id='word_1_204' title='bbox 981 3223 1019 3265; x_wconf 88' lang='lat' dir='ltr'><strong>ex</strong></span> <span class='ocrx_word' id='word_1_205' title='bbox 1034 3223 1119 3266; x_wconf 86' lang='lat' dir='ltr'><strong>oom-</strong></span> 
     </span>
     <span class='ocr_line' id='line_1_33' title="bbox 186 3295 1119 3380; baseline 0.002 -23"><span class='ocrx_word' id='word_1_206' title='bbox 186 3295 337 3358; x_wconf 90' lang='lat' dir='ltr'><strong>missione</strong></span> <span class='ocrx_word' id='word_1_207' title='bbox 355 3297 509 3360; x_wconf 84' lang='lat' dir='ltr'><strong>inferioris</strong></span> <span class='ocrx_word' id='word_1_208' title='bbox 528 3299 665 3380; x_wconf 86' lang='lat' dir='ltr'><strong>praelati,</strong></span> <span class='ocrx_word' id='word_1_209' title='bbox 684 3317 748 3360; x_wconf 93' lang='lat' dir='ltr'><strong>non</strong></span> <span class='ocrx_word' id='word_1_210' title='bbox 763 3298 905 3361; x_wconf 85' lang='lat' dir='ltr'><strong>obstante</strong></span> <span class='ocrx_word' id='word_1_211' title='bbox 920 3298 1029 3378; x_wconf 83' lang='lat' dir='ltr'><strong>quavis</strong></span> <span class='ocrx_word' id='word_1_212' title='bbox 1044 3315 1119 3360; x_wconf 85' lang='lat' dir='ltr'><strong>oon·</strong></span> 
     </span>
     <span class='ocr_line' id='line_1_34' title="bbox 187 3388 1117 3473; baseline 0.001 -22"><span class='ocrx_word' id='word_1_213' title='bbox 187 3388 287 3451; x_wconf 82' lang='lat' dir='ltr'><strong>traria</strong></span> <span class='ocrx_word' id='word_1_214' title='bbox 299 3391 540 3470; x_wconf 84' lang='lat' dir='ltr'><strong>consuetudine,</strong></span> <span class='ocrx_word' id='word_1_215' title='bbox 554 3390 697 3473; x_wconf 85' lang='lat' dir='ltr'><strong>judicare</strong></span> <span class='ocrx_word' id='word_1_216' title='bbox 711 3394 815 3472; x_wconf 85' lang='lat' dir='ltr'><strong>potest</strong></span> <span class='ocrx_word' id='word_1_217' title='bbox 831 3389 930 3454; x_wconf 87' lang='lat' dir='ltr'><strong>laieus</strong></span> <span class='ocrx_word' id='word_1_218' title='bbox 947 3391 1019 3473; x_wconf 87' lang='lat' dir='ltr'><strong>(hoo</strong></span> <span class='ocrx_word' id='word_1_219' title='bbox 1033 3391 1117 3452; x_wconf 87' lang='lat' dir='ltr'><strong>enim</strong></span> 
     </span>
     <span class='ocr_line' id='line_1_35' title="bbox 187 3482 1115 3566; baseline 0 -22"><span class='ocrx_word' id='word_1_220' title='bbox 187 3482 316 3546; x_wconf 86' lang='lat' dir='ltr'><strong>eederet</strong></span> <span class='ocrx_word' id='word_1_221' title='bbox 337 3483 370 3547; x_wconf 90' lang='lat' dir='ltr'><strong>in</strong></span> <span class='ocrx_word' id='word_1_222' title='bbox 393 3503 490 3565; x_wconf 79' lang='lat' dir='ltr'><strong>grave</strong></span> <span class='ocrx_word' id='word_1_223' title='bbox 517 3486 722 3566; x_wconf 85' lang='lat' dir='ltr'><strong>opprobrium</strong></span> <span class='ocrx_word' id='word_1_224' title='bbox 744 3484 846 3566; x_wconf 87' lang='lat' dir='ltr'><strong>oleri);</strong></span> <span class='ocrx_word' id='word_1_225' title='bbox 868 3484 988 3548; x_wconf 88' lang='lat' dir='ltr'><strong>nudum</strong></span> <span class='ocrx_word' id='word_1_226' title='bbox 1010 3487 1115 3547; x_wconf 80' lang='lat' dir='ltr'><strong>tamen</strong></span> 
     </span>
    </p>
   </div>
   <div class='ocr_carea' id='block_1_5' title="bbox 0 0 1296 4022">
    <p class='ocr_par' dir='ltr' id='par_1_7' title="bbox 0 0 1296 4022">
     <span class='ocr_line' id='line_1_36' title="bbox 0 0 1296 4022; baseline 0 4"><span class='ocrx_word' id='word_1_227' title='bbox 0 0 1296 4022; x_wconf 95' lang='lat' dir='ltr'><strong> </strong></span> 
     </span>
    </p>
   </div>
  </div>
 </body>
</html>
