2578 4012
391 275 430 321 un
451 274 642 322 6666166661
664 275 854 325 armassem.
1038 261 1097 324 666

167 417 306 482 confines
328 418 462 480 aliarum
481 418 714 498 parochiarum,
730 419 877 482 66661666
897 417 1095 495 cathedralia,

166 529 224 572 666
239 513 408 591 propterea
421 513 495 572 sunt
505 510 701 574 molestandi.
720 512 765 591 (S.
782 513 879 590 [long.
896 511 1005 574 61616
1020 529 1093 572 nov.

166 603 268 684 1614.)
283 603 347 666 Sed
356 621 419 665 non
429 603 502 665 licet
512 595 649 683 parocho
661 597 919 666 elevarecrucem
929 607 960 666 et
973 602 1096 664 deferre

165 697 277 758 stolam
305 695 337 756 in
364 696 474 758 funere
504 695 692 775 asportando
721 696 763 758 ad
790 696 885 758 aliam
912 695 1096 776 parochiam

168 789 276 869 (ipsius
288 789 451 869 defuncti).
470 788 560 870 (had.
573 791 684 867 (long,
696 792 732 850 21
745 807 812 870 apr.
830 790 933 869 1711.)

206 887 238 943 7⁰
259 881 433 944 Canonicus
458 881 597 943 ecclesiae
621 881 810 943 cathedralis
838 881 1003 958 decedens,
1032 898 1096 942 non

167 975 267 1037 electa
281 974 341 1035 sibi
350 975 521 1053 sepultura,
533 973 627 1036 debet
635 975 759 1054 sepeliri
769 975 802 1036 in
814 973 998 1052 cathedrali,
1014 972 1098 1034 sissi

167 1068 200 1128 in
215 1086 253 1129 ea
266 1067 444 1147 sepulcrum
454 1067 616 1148 proprium
628 1067 865 1141 canonicorum;
883 1067 931 1128 sin
953 1064 1097 1126 minusin

166 1161 309 1240 sepulcro
325 1159 492 1240 majorum.
511 1161 593 1241 (Sao.
612 1161 710 1238 Gong.
728 1177 816 1222 conc.
837 1162 875 1222 11
899 1159 973 1220 maii
990 1153 1098 1242 1686.)

166 1255 206 1314 nt
224 1270 281 1331 pro
306 1254 469 1332 sepultura
481 1251 705 1315 canonicorum
720 1252 948 1314 cathedralium
963 1252 1097 1318 debetur

166 1349 280 1426 quarta
297 1345 447 1408 funeralis
461 1345 599 1425 parocho
616 1343 774 1422 domicilii,
788 1363 851 1407 non
867 1363 942 1407 6666
957 1347 1095 1424 parocho

166 1437 367 1516 cathedralis,
381 1457 483 1518 neque
504 1436 645 1518 parocho
663 1436 717 1498 uhi
732 1437 821 1500 adest
832 1437 1012 1517 sepulcrum
1028 1457 1096 1502 ma·

163 1531 280 1610 jurum.
296 1530 343 1609 (ln
358 1531 430 1592 ead.
443 1530 575 1611 declar.)

205 1626 240 1685 80
261 1623 421 1686 Parochus
437 1622 532 1686 debet
548 1621 694 1708 incedere
706 1622 765 1686 sub
779 1640 871 1686 66666
890 1622 1093 1704 regularium,
1157 1681 1160 1687 .

166 1716 191 1778 si
216 1715 352 1777 cadaver
378 1716 419 1778 66
445 1735 555 1778 eorum
581 1716 746 1780 ecclesiam
769 1715 929 1778 deferatur
947 1716 990 1797 (S.
1009 1721 1093 1782 (1.6.

166 1811 201 1872 nl
213 1808 271 1889 jul.
298 1812 387 1886 1616,
405 1810 491 1890 aton,
515 1809 573 1872 nisi
588 1809 814 1872 consuetudine
828 1809 968 1890 legitima
987 1828 1097 1892 recep·

167 1905 235 1964 tum
247 1900 287 1962 sit
309 1904 343 1962 ut
356 1904 422 1963 tam
436 1902 565 1983 parochi
582 1919 678 1983 quam
702 1901 864 1982 regulares
882 1902 1007 1982 erigent
1025 1921 1096 1982 pro·

168 1995 269 2075 priam
284 2011 419 2057 crucem.

207 2089 275 2148 Non
288 2090 391 2165 potest
406 2087 562 2168 parochus
583 2105 655 2149 cum
667 2087 748 2150 stola
765 2092 797 2149 et
808 2104 901 2148 cruce
914 2085 1036 2150 elevata
1049 2088 1097 2148 in-

165 2179 256 2262 gredi
271 2179 419 2244 ecclesias
435 2181 628 2262 regularium
641 2179 804 2242 occasione
823 2178 1037 2242 associaticnis
1047 2199 1097 2242 66-

167 2276 319 2336 daverum
339 2273 380 2335 ad
402 2274 527 2336 illorum
548 2273 706 2336 ecclesias.
722 2273 766 2353 (S.
791 2272 1094 2353 6663661666.

167 2371 264 2447 lona,
282 2371 313 2430 et
327 2371 359 2430 S.
382 2369 479 2448 (long.
496 2368 573 2447 epis.
590 2372 621 2428 et
637 2385 703 2446 reg.
718 2369 757 2428 16
771 2364 838 2427 666.
860 2365 962 2445 1661.)
979 2367 1097 2427 Tamen

49 2467 52 2472 '
167 2465 240 2526 sunt
249 2463 318 2526 aliae
328 2461 436 2523 multae
452 2460 679 2522 declarationes
690 2456 873 2521 earumdem
883 2457 1098 2538 congregatio·

167 2575 243 2620 num
266 2573 335 2636 quae
356 2554 434 2617 illud
445 2553 498 2634 jus
516 2553 653 2632 parocho
669 2552 821 2614 tribuunt.
845 2550 936 2614 Unde
950 2569 1007 2630 per
1027 2550 1097 2612 illas

166 2649 324 2712 sublatam
337 2647 434 2708 fuisse
447 2647 529 2707 hanc
549 2645 780 2723 exemptionem
802 2643 996 2724 regularium
1009 2642 1098 2704 vide-

164 2745 253 2804 retur
266 2759 323 2821 per
343 2737 467 2802 const't.
491 2739 568 2800 Ben.
591 2739 661 2800 Xlll
681 2736 855 2800 Pruiicscs.
880 2734 942 2798 Sed
964 2735 1032 2796 haec
1047 2727 1098 2795 'rc-

166 2838 279 2898 vccata
290 2833 350 2895 fuit
363 2850 383 2893 a
397 2831 555 2893 Clemente
566 2831 633 2906 XII,
646 2829 757 2891 etideo
780 2833 922 2889 remanet
936 2825 1099 2905 disciplina

165 2927 285 2990 sancita
297 2926 329 2986 in
342 2917 421 2986 6661.
435 2922 536 3002 primo
547 2923 615 2984 loco
628 2921 782 2983 adductis.

207 3018 367 3081 Perochus
387 3015 534 3097 proprius
555 3013 704 3091 defuncti,
729 3012 817 3093 cujus
832 3011 968 3074 6666666
989 3012 1036 3072 est
1056 3009 1098 3071 66

167 3111 333 3174 ecclesiam
346 3108 539 3192 regularium
551 3106 767 3182 deferendum,
795 3103 890 3166 debet
910 3101 1097 3165 benedicere

168 3208 199 3267 et
212 3221 322 3283 preces
336 3204 495 3277 intonare;
509 3201 550 3262 ad
564 3197 726 3279 regulares
735 3215 811 3260 6666
824 3199 945 3276 spectat
959 3195 1097 3258 officium

167 3298 271 3358 facere
280 3295 312 3354 in
320 3295 447 3374 propria
461 3293 604 3358 ecclesia.
617 3291 661 3372 (S.
675 3292 772 3370 Gong.
787 3287 1096 3367 1116186661606.)

167 3391 208 3451 Et
220 3387 377 3467 parochus
396 3388 490 3448 funus
505 3387 623 3448 ducens
638 3382 679 3445 66
700 3381 865 3446 ecclesiam
892 3380 1094 3462 regularium,

168 3481 337 3561 perventus
351 3478 392 3540 66
411 3478 550 3542 ecclesiae
563 3476 705 3560 januam,
727 3474 934 3540 6166616666
956 3474 1026 3537 6616
1042 3473 1097 3534 de-
