2586 4020
164 225 236 307 ‘tto
405 255 637 306 susurratores
657 258 741 306 runis
763 257 919 306 ursorum

57 373 60 378 Ι
175 403 300 482 legatur
317 400 386 464 hae
405 402 575 482 appellatio
588 421 698 466 eoram
718 402 836 484 judice.
859 405 938 466 (lum
952 403 994 466 ad
1007 403 1114 470 inten-
1245 393 1248 396 ⁴

174 495 292 558 tionem
309 495 389 576 juris
406 497 554 575 sufficiat,
574 501 752 578 porrectam
768 515 840 560 eam
864 497 1109 578 appellationem

171 588 269 670 judiei
284 607 309 650 a
323 607 385 669 quo
411 590 517 668 fuisse,
536 608 575 650 ne
591 590 753 671 appellans
769 591 972 670 postmodum
985 591 1110 654 variare

178 682 286 762 possit.

214 777 321 838 Potest
344 781 450 838 autem
464 777 628 858 appellari,
645 779 717 840 sive
734 795 824 856 vooe,
840 778 906 840 sive
922 777 1038 858 soripto
1056 778 1113 840 liat

175 869 353 951 appellatio,
373 885 436 933 nou
449 873 571 934 tantum
589 890 647 950 per
663 872 761 934 verba
778 887 953 950 expressa:
973 871 1108 950 appello,

174 981 323 1042 provoco,
340 966 412 1040 eto,
424 963 479 1024 sed
495 964 590 1026 mam
603 963 661 1044 per
680 963 1026 1046 aquipolleurte(ee1tn
1038 981 1111 1025 uer-

174 1055 399 1118 borum-forma
407 1074 469 1118 non
481 1057 663 1136 requiritur,
675 1058 791 1122 suffieit
801 1075 891 1120 suam
902 1057 1110 1119 intentionem

174 1147 391 1227 expressisse);
407 1148 482 1228 quin
494 1149 563 1228 ipso
573 1150 669 1212 etiam
681 1151 775 1227 laeto,
787 1149 1002 1230 suscipiende,
1014 1169 1045 1216 t·
1062 1168 1108 1229 3.,

173 1241 233 1304 iter
248 1243 380 1304 Romam
400 1242 441 1302 ad
463 1259 566 1304 causae
586 1243 720 1324 alicujus
736 1243 938 1320 decisionem,
959 1240 1110 1322 appellari

174 1338 287 1414 potest.
301 1335 394 1398 Modo
408 1341 573 1398 serventur
585 1355 623 1398 ea
637 1355 707 1418 quae
722 1337 754 1397 in
776 1335 985 1415 appellatione
1004 1335 1109 1398 verbis

175 1447 325 1508 expressa
338 1429 456 1490 servari
472 1429 599 1507 debent,
615 1437 646 1492 et
659 1431 684 1492 si
699 1428 944 1510 extrajudieialis
953 1430 989 1491 tit
1003 1429 1112 1507 appel-

174 1522 249 1584 latio
271 1539 329 1600 per
341 1527 521 1600 susceptum
534 1521 604 1601 iter,
628 1523 667 1584 ad
680 1541 753 1585 eum
768 1521 965 1603 superiorem
976 1523 1041 1599 fiat,
1058 1521 1110 1602 qui

174 1632 233 1694 per
242 1613 326 1674 viam
342 1614 477 1693 querelae
488 1615 567 1676 adiri
579 1619 682 1695 potest
697 1615 777 1678 eitra
789 1632 915 1677 omnem
927 1613 1111 1695 appellatio-

178 1725 262 1769 nem.

218 1802 325 1880 Neque
337 1803 444 1862 tamen
454 1801 538 1863 valet
556 1801 724 1882 appellatio
732 1800 899 1882 generalis,
915 1801 999 1862 laeta
1011 1817 1109 1880 super

177 1893 262 1954 omni
278 1911 383 1971 eausa,
397 1899 585 1973 quaeeontra
595 1895 806 1974 appellantem
816 1897 922 1974 posset
939 1893 1109 1973 aliquando

175 1986 295 2048 moveri
324 1987 409 2067 (oum
427 1987 497 2048 talis
515 2006 576 2050 uon
594 1989 730 2068 appellet
751 1985 970 2068 agravamine
992 1984 1108 2066 aliquo,

174 2097 247 2140 eum
267 2079 399 2157 nullum,
422 2099 480 2142 noo
503 2080 635 2162 alicujus
657 2081 860 2144 comminatio
883 2079 961 2140 illud
975 2077 1108 2158 urgeat),

175 2191 280 2253 neque
287 2174 661 2254 valetgeneraliterfaeta
671 2174 841 2253 appellatio
852 2173 892 2234 ab
902 2171 988 2234 omni
999 2189 1110 2252 grava·

173 2267 268 2345 mine,
293 2266 378 2348 quod
402 2267 460 2328 sihi
495 2267 603 2328 inserui
619 2273 734 2348 posset,
754 2266 812 2330 nisi
834 2266 889 2326 fiat
907 2284 1002 2344 super
1025 2267 1111 2325 certa

173 2378 269 2422 eausa
285 2361 325 2421 ab
342 2379 377 2422 eo
396 2363 451 2440 qui
469 2361 501 2422 in
519 2379 592 2439 uno,
608 2380 639 2422 v.
657 2381 702 2440 g.,
718 2360 880 2422 articulos
890 2358 997 2440 J'udiee
1011 2377 1030 2418 a
1044 2375 1107 2437 quo

172 2457 332 2530 gravetur,
341 2454 389 2514 oui
403 2453 539 2533 lieetper
551 2455 634 2516 viam
644 2453 967 2534 appellationis-totam
977 2469 1105 2514 eausam

172 2545 254 2606 hane
268 2545 309 2606 ad
319 2546 515 2623 superiorem
527 2547 539 2627 j
544 2547 668 2608 udieem
680 2547 815 2610 deferre.

210 2639 291 2700 XIV.
308 2636 470 2718 Deforme,
485 2657 535 2700 seu
547 2638 631 2700 uude
640 2639 813 2720 appellandi
826 2659 845 2700 a
858 2638 1000 2702 sententio
1015 2638 1106 2698 iuter-

171 2730 322 2810 looutorio,
337 2731 559 2811 oelpraoumine
574 2732 808 2813 eatrojudiciuli.
826 2733 909 2794 Talis
924 2729 1103 2812 appellatio,

170 2829 205 2886 ut
217 2825 331 2902 valeat,
349 2824 443 2886 debet
457 2825 525 2886 fleri
533 2825 565 2886 in
581 2825 715 2904 seriptis,
734 2829 765 2888 et
776 2844 924 2904 expressa
937 2843 1033 2886 eausa
1051 2841 1104 2903 ap

170 2918 346 3001 pellationis
361 2918 432 2999 (nisi
442 2937 481 2980 ex
493 2919 601 2981 arduis
614 2937 679 2980 una
693 2919 743 2996 sit,
761 2937 832 3000 qua
847 2918 914 2980 sedi
925 2916 1104 2998 apostolioae

170 3012 348 3094 specialiter
368 3012 571 3094 reservatur).
593 3013 643 3076 Ad
659 3012 847 3074 minuendas
870 3011 972 3072 litium
991 3010 1106 3072 meles-

169 3106 247 3184 tias,
271 3111 303 3168 et
321 3107 437 3169 debent
457 3107 610 3185 apostoli,
631 3105 698 3169 sive
714 3105 826 3168 litterae
841 3103 1064 3166 dimissoriales
1086 3120 1106 3162 a

166 3197 273 3278 judice
287 3217 307 3260 a
320 3217 382 3279 quo
397 3201 471 3279 peti,
485 3206 516 3262 et
530 3201 619 3277 dari,
642 3199 756 3280 quibus
767 3199 941 3261 instruatur
963 3195 1106 3277 superior

168 3290 277 3371 J'udex,
292 3310 390 3371 quere
405 3293 607 3374 appellationi
618 3293 658 3355 sit
670 3292 820 3370 delatum,
834 3293 884 3354 vel
899 3308 973 3352 nen.

201 3385 316 3463 Neque
329 3388 434 3463 potest
442 3385 600 3466 injudicio
610 3386 681 3448 talis
691 3385 912 3466 appellationis
926 3383 1004 3446 alias
1018 3385 1101 3462 post

164 3477 427 3538 *mouneeeusas
445 3479 604 3558 prosequi,
621 3495 717 3556 quam
730 3477 917 3540 nominatim
937 3477 970 3538 in
997 3477 1102 3540 libello
