2584 4022
156 233 198 296 58
377 247 607 300 rusrrrurrorurs
628 249 710 298 rums
733 249 887 300 canorum.

492 417 596 472 CAPUT
612 417 746 474 PRIMUM.

452 572 490 612 DE
507 572 793 614 rnonnrromus

466 719 631 766 ARTIGULUS
653 721 772 766 PRIMUS.

510 862 555 923 De
575 861 721 942 confessis.

198 1034 221 1096 Ι.
235 1031 405 1110 Confessio,
414 1033 453 1093 de
464 1050 527 1114 qua
535 1033 568 1094 in
576 1032 636 1096 hoc
646 1033 736 1095 titulo
747 1031 861 1112 agitur,
869 1034 955 1097 aliud
966 1054 1028 1098 non
1040 1041 1088 1100 est

159 1143 254 1208 quam
268 1125 361 1202 illius,
381 1126 465 1206 quod
481 1127 520 1188 ab
534 1126 713 1188 adversario
728 1126 900 1188 intenditur
911 1128 943 1188 in
954 1129 1093 1209 judicio,

159 1218 209 1280 vel
225 1221 313 1280 extra
331 1217 486 1299 judicium
509 1218 592 1282 facta
606 1217 795 1280 asseveratio
817 1238 824 1280 :
842 1215 959 1302 ethius
974 1221 1089 1301 duplex

159 1315 207 1373 est
218 1311 382 1390 confessio,
395 1311 553 1393 judicialis
563 1311 635 1389 alia,
653 1329 722 1391 quae
735 1313 770 1372 fit
784 1310 816 1371 in
828 1310 967 1392 judicio,
985 1317 1016 1376 et
1028 1313 1090 1376 alia

159 1405 412 1486 extrajudioialis,
431 1423 499 1486 quae
512 1407 548 1466 tit
561 1407 648 1468 extra
659 1403 824 1486 judicium.
841 1407 886 1466 De
896 1409 1028 1488 utraque
1044 1407 1091 1469 di-

158 1499 294 1560 cendum
308 1498 437 1578 aliquid,
449 1497 536 1578 prius
550 1501 657 1560 temen
673 1497 792 1578 aliquid
808 1499 847 1560 de
859 1497 1003 1579 judiciali
1017 1519 1091 1563 con-

159 1591 304 1654 sessione.

198 1683 243 1746 De
266 1682 414 1766 requisitis
437 1681 478 1745 od
498 1682 702 1763 confessionne
718 1681 905 1764 judicialem,
927 1685 1092 1764 atquibus

97 1801 101 1806 ·
160 1776 262 1842 modis
277 1796 315 1838 ea
329 1777 404 1840 fiat?
416 1776 616 1856 Requiritur,
633 1778 668 1839 ut
683 1793 720 1838 ea
733 1777 790 1838 fiat
800 1777 833 1838 in
849 1776 968 1857 judicio
986 1796 1093 1839 coram

157 1871 265 1954 judice
287 1874 500 1949 competente,
525 1870 654 1931 sedente
677 1888 733 1949 pro
754 1870 923 1947 tribunali,
944 1869 977 1931 in
992 1871 1094 1933 causis

160 1963 399 2044 requirentibus
411 1963 539 2042 plenam
558 1979 660 2024 causae
683 1963 904 2042 cognitionem.
926 1964 966 2026 Et
980 1963 1053 2025 hiuc
1068 1962 1094 2026 si

160 2060 283 2120 tantum
298 2073 405 2118 coram
422 2055 545 2118 notario
559 2055 659 2138 fieret,
676 2053 797 2117 etiamsi
812 2055 912 2116 altera
925 2074 998 2134 pars
1014 2073 1093 2135 prae-

161 2169 233 2214 sens
243 2149 377 2228 adesset,
389 2148 487 2231 judex
498 2151 675 2211 tamennon
685 2147 826 2226 adesset,
843 2148 893 2209 vel
908 2151 989 2210 essct
995 2147 1093 2230 judex

162 2245 194 2306 in
208 2243 269 2306 hac
283 2261 379 2322 causa
392 2243 618 2322 incompetens,
634 2241 689 2304 aut
702 2241 872 2302 summarie
883 2244 1006 2304 tantum
1020 2261 1093 2322 pro-

162 2337 298 2416 cederet,
321 2336 473 2401 confessio
488 2337 572 2401 facta
588 2355 652 2398 non
670 2333 804 2397 haberet
819 2335 941 2416 (saltem
953 2333 1090 2415 dejure,

163 2431 247 2491 aliud
263 2431 347 2492 euim
362 2432 446 2493 circa
461 2430 689 2492 confessionem
706 2447 812 2490 coram
827 2429 947 2490 notario
963 2427 1090 2504 factam,

163 2524 195 2582 et
207 2521 246 2580 ad
262 2523 470 2597 protocollum
480 2525 651 2599 receptam,
667 2520 859 2582 consuetudo
875 2520 1027 2582 hodierna
1038 2520 1093 2580 ha-

163 2614 237 2675 bere
252 2610 376 2692 dicitur)
400 2612 465 2673 vim
477 2611 679 2673 confessionis
685 2610 854 2691 judicialis.
869 2611 1026 2688 Secundo,
1040 2629 1090 2671 re-

164 2705 317 2786 quiritur,
342 2707 377 2767 ut
396 2705 436 2766 sit
459 2704 498 2765 de
520 2721 554 2765 re
575 2707 661 2766 certa
674 2723 680 2766 :
694 2703 813 2765 incerta
836 2702 919 2764 enim
938 2703 1089 2766 confessio

164 2795 350 2861 senteutiam
364 2814 476 2878 parere
489 2817 552 2862 non
570 2799 683 2878 potest,
701 2797 786 2878 quod
797 2800 903 2859 tamen
916 2797 955 2859 de
970 2797 1091 2860 confes·
1119 2865 1126 2880 Ἰ

163 2893 250 2956 sione
261 2891 402 2974 judiciali
424 2891 547 2956 dicitur.
566 2891 683 2967 Tertio,
706 2891 801 2954 debet
814 2910 882 2953 esse
904 2892 1002 2969 dere,
1021 2909 1091 2972 quae

165 3007 267 3069 neque
282 3005 388 3049 rerum
400 2986 644 3068 naturae,‘neque
654 2985 719 3066 juri
730 2986 924 3063 adversatur,
938 2985 999 3047 alia
1009 2985 1093 3047 euim

165 3081 317 3144 confessio
333 3079 570 3160 uecprobahilis
584 3082 675 3142 esset.
686 3081 814 3158 Quarto,
827 3080 921 3142 debet
935 3078 1001 3141 ficri
1013 3097 1092 3160 prae·

167 3177 253 3236 sente
269 3174 460 3252 adversario,
476 3175 526 3236 vel
537 3174 647 3236 saltem
661 3172 728 3256 ejus
742 3176 956 3252 procuratore,
970 3174 1020 3236 vel
1033 3171 1094 3234 sal-

166 3270 230 3329 tem
246 3283 266 3327 a
275 3265 397 3346 judice,
421 3271 476 3330 aut
498 3269 560 3330 alio
575 3268 724 3350 quopiam
743 3265 782 3328 sit
802 3270 974 3348 acceptata,
998 3265 1092 3328 modo

167 3359 1092 3441 absensratampostmodumhabeatacceptationemtalem‚

166 3454 328 3540 cumperti
339 3453 400 3521 hoc
411 3454 506 3524 modo
516 3455 591 3522 satis
602 3455 779 3522 consultum
791 3454 841 3521 sit.
854 3453 979 3540 Quinto,
992 3453 1095 3540 requi-
