2584 4022
135 183 174 246 ll
333 195 562 249 rusrrrumoras
582 197 665 246 rums
687 195 843 244 csrourcr.

135 340 225 404 facile
236 340 404 421 reparabili
414 341 529 404 damno
540 342 653 422 agitur,
665 341 775 422 quales
791 344 864 404 sunt
876 355 980 402 oauaoe
989 335 1062 400 civi·

133 433 180 497 les
195 433 235 495 de
250 433 374 511 delicto,
390 454 421 495 v.
437 453 469 514 g.
486 435 618 498 modice
635 453 776 510 summa,
793 437 936 512 respectu
955 449 1064 512 perso·

135 545 248 590 narum
259 526 460 606 litigantium,
475 531 548 605 etc,
563 527 651 590 autsi
670 530 782 607 agatur
798 527 838 588 de
854 525 974 587 delictis
986 521 1063 584 levi·

134 620 205 696 bus,
223 622 277 680 aut
291 617 328 678 lis
338 617 378 679 sit
389 623 475 681 mota
486 619 568 682 inter
578 638 729 700 personas
744 619 822 680 viles
837 620 869 679 ct
880 616 1059 696 imperitas3

137 716 191 774 aut
204 711 231 772 si
243 714 355 790 agatur
365 711 483 791 judicio
494 713 924 791 possessoriomomentaueo,
933 713 1006 786 etc„
1015 707 1061 768 in·

135 807 185 869 ter
197 822 275 885 quos
289 805 400 866 modos
408 804 484 866 illud
494 808 598 867 tamen
608 805 774 866 discrimen
784 807 841 882 est,
855 806 900 880 ut,
917 801 942 862 si
953 820 1063 881 proec-

136 897 229 961 datur
244 897 413 958 summarie
427 894 556 976 propter
576 915 679 959 eausae
695 896 870 973 levitatem,
884 896 977 974 plena
991 911 1064 973 pro·

135 990 221 1052 hatio
232 989 408 1050 necessaria
418 1008 480 1051 non
496 991 545 1068 sit,
559 989 614 1052 sed
629 989 763 1052 sufficiat
772 988 867 1052 etiam
879 987 1061 1066 semiplena,

138 1082 212 1162 quia
226 1083 330 1162 agitur
344 1083 383 1143 de
395 1081 518 1144 modico
537 1082 731 1163 praejudieio.
753 1082 785 1144 Si
800 1099 875 1144 vero
896 1079 1065 1141 summarie

138 1173 1066 1255 agatur,quodcausaexigatceleremexpeditionem,plena
1183 1199 1190 1208 =

136 1268 322 1347 plerumque
337 1267 479 1347 probatio
488 1268 667 1348 requiritur,
678 1286 780 1330 causae
786 1272 891 1329 tamen
901 1265 1061 1347 qualitate,

137 1360 336 1516 2331?ss
348 1361 498 1438 spectata.
516 1360 668 1423 Videatur
681 1359 865 1422 Clementia.
880 1357 1064 1437 Dispendio·

208 1499 216 1530 l
250 1498 257 1530 2
296 1497 304 1513 ⁴
338 1497 344 1513 ⁸

178 1545 283 1608 Tertio
297 1547 417 1606 certum
430 1546 572 1626 estquod
586 1545 618 1606 in
633 1565 781 1625 processu
802 1545 864 1607 hoc
882 1525 1097 1620 summario,¹
1175 1600 1178 1605 .
1276 1512 1277 1566 Ὗ

139 1657 177 1700 ea
196 1655 265 1719 quae
290 1636 371 1717 juris
391 1638 558 1716 naturalis,
577 1642 633 1699 aut
645 1639 786 1718 gentium
806 1641 898 1713 sunt,
921 1655 984 1698 non
1005 1636 1067 1697 sint

139 1730 322 1807 omIttenda,
339 1729 383 1790 uti
399 1736 446 1790 est
463 1730 568 1792 citatio
579 1730 677 1810 partis
692 1730 926 1811 ,juramentum
948 1727 1067 1790 calum-

139 1823 210 1900 niae,
228 1825 282 1884 aut
296 1821 433 1899 malitia,
450 1823 489 1884 de
503 1823 635 1885 veritate
645 1822 789 1900 dicenda,
803 1821 911 1902 petitio
922 1821 1066 1883 facienda

138 1916 179 1978 ab
200 1919 345 1988 auetore3
361 1916 513 1977 terminus
526 1917 566 1977 ad
581 1914 772 1978 exhibendas
785 1915 984 1994 probationes
999 1932 1067 1976 cm·

139 2027 195 2072 nes
216 2008 426 2085 necessarias,
450 2011 481 2070 et
496 2007 652 2088 legitimas
671 2008 867 2070 defensiones
892 2007 1079 2086 producen.

140 2101 207 2178 das,
222 2107 296 2174 etc.;
313 2118 451 2177 cavero,
475 2119 545 2180 quae
564 2100 644 2181 juris
658 2099 781 2180 positivi
796 2102 918 2162 tantum
937 2099 1066 2161 humani

140 2193 351 2255 solemnitates
369 2196 460 2269 sunt,
481 2193 559 2254 nihil
577 2192 610 2253 in
625 2192 685 2254 hoc
705 2211 870 2272 processus
897 2191 1066 2254 summario

140 2287 318 2348 necessaria
342 2290 436 2361 sunt;
458 2289 489 2347 et
514 2285 587 2348 hine
610 2305 673 2348 non
694 2286 864 2366 requiritur
891 2285 1067 2347 necessario

140 2377 236 2440 libelli
252 2380 378 2458 oblatio,
394 2380 455 2441 litis
469 2381 664 2458 contestatio,
676 2380 770 2441 variae
782 2381 958 2459 dilationes,
969 2378 1069 2439 multa

140 2469 388 2546 advocatorum,
405 2478 459 2530 aut
481 2474 618 2548 partium
631 2472 752 2550 jurgia,
769 2475 935 2551 superssuae
954 2471 1069 2549 proba-

140 2559 252 2636 tiones,
269 2565 327 2620 etc.

180 2653 232 2712 Xl.
255 2649 401 2711 Demade
416 2650 597 2730 procedendi
608 2651 797 2732 judicialiter
815 2658 924 2716 eontra
939 2652 1067 2714 clericos

141 2743 335 2806 criminosos.
358 2745 404 2804 lix
418 2761 515 2822 cap...
531 2747 609 2806 Cum
623 2763 686 2806 non
703 2746 743 2806 ab
755 2745 897 2823 homine,
916 2749 969 2822 10,
983 2747 1015 2806 h.
1029 2748 1065 2819 t,

141 2835 253 2896 modus
266 2835 316 2897 hic
332 2836 452 2896 desumi
470 2836 578 2914 debet,
591 2838 646 2898 ubi
657 2839 822 2916 statuitur,
840 2840 925 2919 quod
938 2838 1069 2901 clericus

17 2933 18 2952 ³
142 2929 330 3008 (extenditur
354 2929 414 2990 hoc
433 2931 641 2993 communiter
659 2932 753 2994 etiem
777 2933 818 2994 ad
840 2932 1012 3012 regulares)
1036 2932 1067 2990 iu

18 3019 19 3022 ’
141 3023 448 3103 quocunqueordine
460 3023 661 3102 constitutus,
683 3025 805 3088 etiamsi
819 3025 921 3105 primo
939 3030 1069 3090 tonsura
1103 3047 1105 3050 ·

18 3123 20 3198 q
140 3115 263 3174 tantum
275 3115 413 3177 initiatus
428 3117 523 3193 esset,
538 3122 668 3196 propter
687 3119 820 3196 furtum,
843 3118 1065 3201 homicidium,

140 3203 324 3285 perjurium,
342 3213 396 3268 aut
411 3208 495 3270 aliud
510 3208 609 3271 simile
630 3230 727 3290 grave
746 3209 875 3288 crimen,
900 3211 926 3271 si
950 3211 989 3271 de
1009 3210 1069 3270 hoc

19 3309 20 3352 1
140 3295 278 3375 legitime
289 3300 450 3360 convictus
460 3303 565 3379 fuerit,
576 3304 616 3363 ab
630 3304 837 3366 ecclesiastico
845 3303 952 3385 judice
964 3302 1004 3364 sit
1014 3302 1069 3363 de·

140 3391 304 3470 ponendus
314 3391 390 3469 (sive
403 3394 571 3456 verbaliter
585 3394 870 3476 degradandusper
882 3395 1069 3457 seutentiam
