2584 4022
193 240 233 313 56
394 253 621 302 rrsrrrorrouas
642 255 724 302 rums
747 253 903 300 ceroma.

192 396 279 459 litem
303 399 509 460 contestatam
530 399 570 462 sit
590 404 779 476 contumax,
798 404 867 460 tum
892 395 943 458 vel
962 395 1062 478 liquet
1083 397 1122 460 de

193 509 307 568 causa,
332 493 363 552 et
384 489 457 551 ferri
479 491 573 554 debet
600 492 755 554 sententia
783 489 943 552 definitiva
962 509 969 550 :
986 489 1037 551 vel
1060 508 1122 552 non

190 583 309 664 liquet,
332 587 363 646 et
379 587 467 646 actor
487 583 567 646 mitti
586 585 680 647 debet
702 586 735 646 in
749 602 857 647 veram
871 582 1120 662 possessionem,

190 679 352 738 reservata
372 680 478 739 tamen
492 696 546 739 reo
568 678 689 752 absenti
711 675 883 758 quaestione
902 674 1119 754 proprietatiS,

190 789 318 851 poenam
340 770 493 852 majoram
508 772 715 834 constituente
725 770 813 852 jure,
830 769 883 830 ubi
897 767 999 849 major
1012 771 1120 830 contra

189 863 293 925 macie
319 867 383 941 est,
410 864 535 926 nolente
557 869 682 942 tamen,
704 868 739 926 ut
759 864 798 924 de
819 862 1006 944 quaestione,
1031 861 1119 942 cujus

190 956 325 1036 cognitio
341 956 449 1018 habita
460 975 522 1018 non
536 957 604 1034 fuit,
617 957 772 1020 sententia
783 959 912 1020 feratur.

230 1049 263 1113 Si
272 1056 377 1111 tamen
389 1049 429 1110 ob
438 1049 668 1111 contumaciam
676 1050 722 1111 rei
729 1069 786 1129 per
796 1048 932 1130 primum
944 1047 1116 1124 decretum,

189 1143 236 1204 rei
250 1142 415 1204 servandae
430 1161 524 1203 causa
538 1143 570 1202 iu
584 1144 813 1222 possessionem
832 1142 946 1204 missus
958 1141 998 1204 sit
1012 1143 1115 1216 actor,

188 1240 220 1298 et
233 1236 316 1297 hanc
329 1235 412 1296 intra
426 1253 543 1296 anuum
559 1237 599 1298 ob
620 1237 793 1316 potentiam
811 1233 1004 1310 adversarii,
1022 1253 1051 1294 v.
1069 1249 1114 1310 g.,

189 1327 336 1409 consequi
358 1347 421 1390 non
435 1329 551 1407 possit,
569 1328 770 1390 nihilominus
784 1332 888 1390 tamen
912 1326 1017 1405 elapso
1033 1343 1116 1386 auno

187 1441 279 1484 verus
293 1422 339 1483 rei
349 1422 431 1484 illius
444 1441 606 1500 possessor
624 1423 771 1498 efficitur,
793 1439 832 1480 ne
856 1419 994 1481 melioris
1009 1417 1115 1481 condi-

187 1515 279 1577 tionis
293 1514 334 1577 sit
348 1519 515 1576 contumax
530 1533 624 1595 quam
635 1515 794 1576 obediens.
804 1516 871 1574 Non
887 1511 1001 1573 amittit
1010 1514 1116 1572 tamen

187 1626 259 1688 reus
282 1611 453 1698 contumaq
472 1608 511 1668 dc
537 1607 688 1669 canonica
715 1607 862 1686 aequitate
884 1623 973 1666 suam
996 1621 1116 1683 posses·

186 1700 306 1764 sionem
329 1719 458 1778 varam,
483 1699 507 1760 si
534 1699 616 1761 intra
634 1717 751 1761 annum
774 1701 974 1777 compareat,
992 1715 1029 1758 ac
1043 1714 1115 1756 cau·

185 1793 304 1856 tionem
316 1796 453 1872 praestet,
472 1793 556 1873 quod
567 1793 600 1854 in
611 1791 663 1874 jus
679 1795 808 1854 vocatus
821 1807 1003 1870 comparere
1017 1788 1112 1864 velit,

185 1891 217 1948 ct
239 1885 389 1950 interesse
412 1888 594 1965 competens
615 1887 743 1965 praestet
765 1883 829 1961 illi,
854 1882 943 1964 cujus
967 1883 1111 1956 interest,

186 1979 271 2058 quod
285 1979 317 2040 in
332 1981 472 2057 tempore
487 1997 549 2040 non
562 1977 694 2043 venerit.

225 2072 278 2134 IV.
301 2069 346 2132 De
364 2070 432 2135 otiis
448 2071 620 2152 quibasdam
627 2070 735 2151 pernis,
749 2077 778 2131 et
791 2069 883 2132 modis
900 2069 1014 2150 quibus
1039 2085 1116 2128 oona

185 2163 324 2230 tumacia
338 2163 383 2224 rei
405 2164 553 2243 punitur,
578 2167 632 2228 aut
655 2169 826 2227 coercetur.
851 2165 957 2224 Potest
971 2178 1114 2223 nonnun-

185 2276 279 2337 quam
291 2256 390 2338 judex
404 2258 444 2319 ob
456 2257 501 2318 rei
513 2257 753 2334 contumaciam,
768 2255 915 2338 spectatis
933 2254 1029 2317 variis
1052 2253 1114 2314 cir-

184 2351 544 2428 cumstantiis„aotorem
559 2371 621 2414 non
640 2351 764 2414 mittere
778 2351 810 2412 in
825 2348 1053 2430 possessionem
1067 2346 1114 2407 rai

183 2444 299 2520 petitae,
320 2444 376 2504 sed
397 2443 479 2504 hane
500 2448 708 2523 sequestrare,
725 2447 757 2505 ct
777 2447 994 2505 contumacem
1012 2441 1045 2501 in
1060 2457 1113 2500 ex-

183 2551 327 2611 pensasa
343 2537 485 2609 tempore
503 2535 658 2594 citationis
673 2537 764 2596 fectae
779 2535 989 2597 condemnare
1005 2532 1044 2592 ab
1060 2549 1114 2600 ao·⁴

181 2627 250 2686 tore
262 2623 361 2683 factas
373 2622 413 2682 ob
423 2622 470 2685 rei
480 2625 720 2702 contumaciam,
732 2644 796 2704 non
807 2626 934 2704 quidem
944 2624 984 2686 ad
994 2623 1111 2684 exitum

181 2733 281 2796 usque
296 2731 410 2794 causae,
427 2733 498 2776 cum
518 2733 606 2793 rcus,
633 2717 775 2795 quamvis
791 2720 958 2778 contumax
972 2715 1022 2792 sit,
1046 2730 1110 2777 non

182 2807 295 2879 debeat
319 2811 391 2868 ante
415 2808 603 2870 sententiam
629 2810 794 2871 commodo
818 2828 885 2870 suaa
904 2807 1110 2888 possessionis

181 2900 319 2979 spoliari,
333 2901 389 2962 sed
401 2919 500 2981 usque
516 2901 598 2963 dum
610 2907 745 2982 ponatur
757 2901 954 2966 contumacia
965 2901 1110 2964 invicem

180 2993 335 3056 missionis
356 2994 389 3054 in
408 2995 638 3074 possessiouem
660 3015 698 3058 ex
717 2997 819 3078 primo
840 2997 979 3073 decreto,
1002 3012 1121 3067 succes

181 3085 273 3148 dente
288 3089 545 3167 sequestratione.

220 3179 358 3243 Subinde
379 3184 485 3243 tamen
505 3182 600 3244 etiam
621 3182 818 3245 contumacia
831 3183 876 3242 rei
898 3182 1027 3262 punitur
1040 3199 1108 3240 sus-

179 3271 328 3348 pensione
343 3274 383 3335 ab
402 3274 504 3337 officio
524 3278 556 3337 et
576 3276 748 3353 beneficio,
771 3279 982 3337 accrescente
997 3278 1108 3334 contu-

75 3424 78 3428 ,
179 3364 281 3426 macie
293 3366 387 3428 etiam
402 3368 734 3446 exaaommunicatione,
749 3374 781 3430 et
798 3367 824 3430 si
841 3367 995 3430 malitiose
1009 3364 1107 3426 actori

179 3475 269 3533 suam
277 3457 480 3527 intentionem
488 3461 882 3544 probantiperemptoriem
891 3458 1106 3540 exceptionem
