2586 4020
182 305 241 366 lto
413 317 641 382 rnsrrrnrrorrs
660 320 745 368 sarrs
767 317 924 366 oaronmr.

181 460 329 526 ordinare
343 461 504 524 hominem
518 462 558 524 ad
573 463 753 526 felicitatem
768 462 977 544 temporalem
995 460 1049 524 nbi
1064 461 1121 523 de-

180 554 267 618 sierit
285 555 426 617 Iloolesia
443 554 531 616 illum
554 556 699 618 ordinare
721 556 761 617 ad
783 557 879 616 finem
902 561 1027 616 aeternae
1051 554 1121 616 feli·
1183 588 1186 593 ·

182 648 295 712 sitatis.

214 744 292 805 VIII.
310 741 399 806 Unde
415 743 678 806 Patreslleelesite
690 745 954 822 comparaverunt
971 741 1121 820 duaspo-

182 833 1121 916 testatesquarumunaadbonaspiritualiaetaeterna,altera

183 927 224 990 ad
240 929 325 992 bona
334 927 520 1007 temporalia
536 932 567 991 et
577 947 729 1009 corporea
738 929 856 991 directe
868 928 1064 1005 ordinantur,
1078 927 1119 988 ad

182 1021 337 1083 ratIonem
348 1023 513 1084 etsensnm
526 1022 558 1082 in
572 1022 699 1084 homine
715 1021 862 1100 naturali,
874 1023 906 1083 In
919 1039 981 1101 quo
997 1023 1030 1083 ut
1039 1021 1117 1082 ordo

183 1113 334 1175 consistat
346 1132 410 1175 non
424 1115 500 1176 satis
515 1117 562 1176 est
576 1118 611 1176 ut
625 1115 705 1176 ratio
720 1115 905 1190 rationalia,
922 1132 1032 1175 sensns
1046 1131 1119 1173 sen-

182 1205 284 1268 sibilia
297 1210 436 1286 appetat,
447 1207 503 1268 sed
518 1226 646 1270 neeesse
661 1211 708 1269 est
722 1211 757 1270 ut
768 1227 878 1269 sensus
888 1206 1042 1269 rationem
1053 1223 1118 1266 non

182 1299 372 1380 preveniat,
394 1318 454 1362 neo
474 1300 520 1362 illi
543 1300 759 1379 contradicat,
777 1300 833 1362 sed
852 1306 926 1380 agat
944 1298 1118 1360 seeundum

182 1393 354 1471 rationem,
367 1412 423 1455 seu
436 1412 455 1455 a
466 1394 587 1464 ratione
599 1395 715 1456 habeat
727 1393 859 1454 limitem
873 1411 892 1454 a
905 1411 966 1473 quo
975 1391 1046 1472 jure
1060 1407 1117 1452 suo

183 1485 216 1547 in
237 1486 360 1567 objecta
378 1485 425 1547 sui
441 1486 560 1548 ordinis
579 1487 707 1549 feratur.
729 1487 762 1549 Si
781 1487 841 1549 ista
859 1503 923 1547 non
937 1486 1115 1560 serventur,

184 1596 247 1639 non
258 1578 336 1641 ordo
348 1579 405 1640 sed
418 1578 606 1642 inordinatio
620 1582 677 1642 est.
695 1581 777 1659 Ergo
790 1597 943 1660 ponemus
957 1577 1016 1640 hoo
1032 1575 1118 1656 prin-

184 1669 324 1750 oipinm:

224 1761 274 1823 Idi
292 1762 365 1844 jere
383 1763 507 1844 proprio
528 1763 651 1846 incipiet
663 1765 790 1848 politico
814 1765 955 1846 Mojestos
980 1759 1118 1823 ordinare

185 1855 329 1918 dominere
355 1857 386 1917 io
410 1857 499 1938 finem
526 1859 694 1939 temporalis
713 1859 887 1940 felicitatis,
917 1876 973 1940 quo
1000 1854 1119 1917 desierit

185 1949 322 2012 Ecclesia
333 1950 416 2011 illum
429 1950 469 2011 od
483 1970 566 2012 seem
584 1951 719 2013 altimum
741 1952 830 2034 finem
844 1951 1023 2015 reordinare.
1041 1951 1115 2025 Seu,

185 2042 271 2123 qnod
291 2043 377 2104 idem
396 2050 462 2121 est,
488 2048 535 2106 est
552 2045 661 2106 ordIne
677 2049 707 2107 et
730 2050 842 2108 natura
860 2047 947 2125 prior
963 2041 1116 2123 legislatio

185 2136 416 2215 eeclesiastico,
447 2138 602 2216 posterior
624 2157 719 2212 vero,
742 2138 896 2218 legislatm
918 2136 1035 2213 civilis,
1060 2152 1117 2195 seu

184 2228 283 2291 eivilis
304 2230 474 2293 auotoritas
494 2234 598 2312 potest
620 2231 736 2294 habere
757 2231 922 2293 limitema
942 2248 1004 2311 quo
1019 2226 1117 2308 possit

183 2321 321 2402 ineipere
333 2341 352 2383 a
362 2327 516 2403 potestate
531 2325 752 2402 ecclesiastiea,
768 2343 832 2386 non
845 2327 991 2386 econtra.
1008 2321 1116 2384 Eccle-

184 2415 309 2476 siastioa
327 2435 402 2494 ergo
422 2417 592 2478 auotoritas
607 2417 787 2479 immediate
801 2412 930 2496 i‘noipiet
944 2415 1044 2496 ajure
1059 2433 1116 2475 na-

183 2507 277 2568 turali
290 2510 322 2568 et
331 2506 437 2569 divino
451 2527 523 2569 eum
535 2509 702 2588 quohabet
712 2509 857 2571 eumdem
868 2511 974 2586 finem,
987 2512 1018 2570 et
1026 2507 1114 2588 eujus

184 2600 231 2658 est
254 2598 407 2677 interpres
423 2603 454 2661 et
473 2600 657 2680 applicatrix
675 2606 750 2664 nata
769 2602 802 2662 in
827 2602 935 2664 ordine
960 2601 1000 2662 ad
1020 2601 1115 2662 finem

185 2689 346 2765 ultimum;
359 2691 458 2753 civilis
473 2695 642 2756 auctoritas
656 2695 837 2759 immediate
849 2695 1057 2776 insipietpost
1063 2693 1115 2774 jus

185 2783 440 2847 ecelesiastionm.

224 2878 355 2939 Servate
375 2877 436 2940 hoo
451 2878 550 2943 limite
565 2899 585 2942 a
600 2899 661 2962 quo
673 2880 744 2962 jure
758 2885 860 2962 petest
877 2880 1014 2960 insipere
1030 2880 1116 2959 prin-

185 2990 269 3052 eeps,
282 2977 323 3049 et,
337 2975 461 3036 servato
472 2972 570 3035 limite
581 2975 612 3038 in
624 2994 717 3056 quem
730 2973 857 3037 desierit
866 2973 948 3035 illius
956 2974 1048 3051 aetio,
1058 2973 1117 3035 erit

183 3064 417 3144 independens;
435 3073 491 3128 s'en
508 3066 540 3127 hi
558 3067 673 3130 limites
689 3068 836 3148 praesenti
852 3066 1030 3129 oeconomia
1043 3083 1116 3146 pro-

184 3158 330 3220 videntiae
354 3159 409 3220 Dei
438 3159 649 3223 determinant
672 3161 814 3223 ordinem
841 3160 963 3221 civilem
990 3159 1022 3220 in
1053 3176 1114 3239 quo

184 3249 283 3311 eivilis
293 3252 463 3314 anetorItas
475 3256 523 3315 est
534 3254 760 3334 independens.
772 3252 1018 3333 Independentia
1032 3252 1116 3313 enim

184 3359 248 3402 non
269 3348 316 3403 est
334 3342 460 3406 lieentia
475 3363 682 3427 quaeeumque
697 3364 754 3425 per
772 3346 819 3406 Ias
835 3352 866 3407 et
881 3347 969 3407 nefas
983 3344 1113 3425 agendi,

184 3433 241 3494 sed
256 3437 303 3496 est
316 3434 498 3499 immunitas
517 3457 536 3498 a
556 3439 709 3517 superinri
728 3442 882 3518 potestate
904 3438 1045 3519 ejusdem
1062 3455 1116 3516 ge·

185 3525 268 3586 neris
283 3529 315 3587 et
328 3525 470 3607 ejusdem
486 3530 615 3592 ordinis.
633 3530 731 3592 Sicuti
745 3531 929 3594 ooneiliatur
941 3531 973 3591 in
988 3529 1128 3604 hemian,

1265 612 1268 710 l
