2586 4020
557 324 596 372 na
617 325 754 375 runicus
912 312 914 316 ’
1055 309 1120 376 -lil

231 467 436 550 ntjquamvis
452 471 615 530 contrusa
634 487 703 550 quae
720 469 763 540 de
784 469 856 550 jure
871 469 995 548 divino,
1017 463 1125 552 ¹quoad

192 579 371 643 supremam
382 561 633 642 jurisdictionem
648 568 680 623 et
704 562 866 644 potestatis
884 563 1121 642 plenitudinem,

192 674 229 718 ee
245 653 426 742 specialiter
440 661 600 716 reservata
618 655 650 715 iu
665 656 790 734 signum
804 655 948 734 specialis
964 674 1124 736 preroga·

191 748 275 825 livae,
283 748 458 826 elc.,Papae
469 747 669 824 conveniunt,
682 748 1125 828 quaenunquaminlerIoribus

193 841 321 904 concedi
337 841 447 917 solent,
465 841 550 902 nullo
565 858 704 921 uuquam
718 847 860 920 tempore
875 841 1038 920 praeaoribi
1052 860 1126 921 poa-

182 934 264 1020 ksinl,
275 939 310 994 ut
320 952 358 994 ex
364 932 454 994 dictis
464 937 560 1013 patet,
570 934 806 996 immemorialis
814 937 920 994 tamen
931 934 1124 1015 praesumptio

192 1027 300 1107 negari
317 1043 380 1087 non
405 1027 498 1088 debet
518 1027 654 1088 circaea
675 1045 744 1108 quae
759 1045 986 1107 nonnunquam
999 1026 1125 1089 inferio-

192 1119 278 1181 ribus
294 1120 389 1180 ctiam
404 1138 423 1180 a
436 1119 585 1181 Pontifice
601 1120 826 1182 conceduntur.

187 1238 190 1244 ’
233 1213 312 1274 VIII.
329 1210 521 1292 Proeacrr'ptr'o
533 1212 709 1293 qucudjura
722 1211 855 1293 quaedum
869 1213 1049 1292 spirttuulr'u.
1065 1215 1126 1276 Bo·

194 1305 339 1367 nefioium
357 1305 443 1385 quod
462 1304 602 1384 possidet
620 1305 733 1385 aliquis
747 1305 831 1367 bona
849 1305 927 1383 fide,
948 1323 1020 1367 cum
1034 1305 1124 1368 titulo

194 1399 349 1475 colorato,
371 1403 487 1478 contra
511 1398 606 1458 alium
626 1398 677 1459 cui
700 1397 839 1476 legidme
862 1397 1050 1460 beneficium
1063 1391 1125 1460 tale

194 1491 342 1553 collatum
355 1490 424 1568 fuit,
447 1495 482 1552 ut
494 1490 677 1571 praescribat
697 1490 769 1567 ille,
787 1493 825 1553 lo
835 1491 1038 1570 requiruntur
1052 1492 1125 1553 anni

193 1585 275 1644 inter
291 1587 482 1664 praeacutae,
502 1583 586 1646 iuter
608 1584 753 1644 absentes
773 1601 848 1644 vero
869 1586 918 1661 20,
936 1585 1020 1662 anni,
1034 1584 1127 1665 juxta

194 1677 324 1738 modum
351 1694 413 1756 quo
433 1675 496 1738 alia
515 1676 588 1757 jura
616 1680 646 1738 et
675 1676 760 1739 bona
786 1675 958 1740 immobilia
984 1677 1125 1756 praescri-

193 1769 321 1846 buntur,
337 1788 408 1830 cum
418 1769 574 1848 peculiare
587 1768 796 1848 privilegium,
810 1770 917 1849 quoad
932 1771 1029 1832 telem
1047 1789 1126 1850 prae-

195 1862 406 1942 scriptionem,
418 1881 481 1923 non
497 1862 612 1922 habeat
622 1861 812 1923 beneficium
824 1882 830 1922 :
844 1862 910 1924 siue
921 1861 1011 1924 titulo
1020 1869 1126 1925 autem

194 1973 257 2016 nou
272 1958 374 2034 potest
387 1955 547 2034 praescribi
568 1963 722 2034 unquam,
740 1973 812 2016 cum
837 1955 902 2016 siue
918 1955 1008 2016 titulo
1024 1973 1125 2035 nequa

193 2048 278 2108 bona
289 2047 367 2108 fides
381 2048 472 2125 adsit,
487 2066 555 2128 quae
564 2048 631 2108 sine
641 2047 793 2110 canonica
802 2048 994 2110 Institutione
1004 2049 1126 2130 (saltem

195 2139 381 2219 existimata)
397 2159 460 2202 non
480 2139 614 2202 habetur
631 2160 638 2201 :
660 2158 717 2220 per
731 2141 917 2202 hodiernam
930 2145 1037 2203 tamen
1052 2161 1126 2205 can-

195 2231 328 2294 cellariae
352 2233 494 2312 regulam
517 2233 683 2311 statuttur,
709 2236 744 2294 ut
762 2233 788 2292 si
816 2234 887 2314 quis
902 2235 986 2295 bona
1007 2235 1069 2296 fide
1096 2238 1127 2296 et

195 2341 267 2386 cunr
279 2325 368 2387 titulo
380 2325 530 2402 colorato,
547 2344 604 2404 per
617 2324 788 2386 triennium
797 2326 926 2405 pacifice
938 2326 1126 2389 beneficium

194 2418 378 2497 possederit,
395 2418 479 2497 quod
492 2418 610 2498 absque
621 2417 754 2480 almonia
767 2417 855 2498 (reali
872 2418 952 2498 scil.)
965 2419 1125 2498 ingressus

195 2514 251 2589 eal,
277 2511 320 2571 ita
339 2514 374 2571 ut
397 2516 499 2591 nequ'e
518 2509 657 2572 intrusus
677 2511 772 2573 fuerit
795 2512 827 2572 in
847 2512 908 2573 talc
938 2512 1125 2575 beneficium

195 2603 374 2682 aposlolicae
390 2603 806 2682 dispositionlreservatum,
820 2605 979 2668 molestari
993 2606 1126 2687 amplius

194 2713 290 2774 super
301 2696 354 2758 lali
368 2697 521 2759 beneficio
536 2715 597 2760 non
608 2697 717 2776 possit,
734 2703 864 2761 eltutus
880 2700 992 2762 sitnon
1003 2706 1126 2761 tantum

195 2789 226 2848 in
241 2790 309 2849 foro
321 2794 448 2850 externo
459 2789 500 2850 ad
514 2789 658 2851 vitandas
668 2792 749 2868 lites,
757 2793 813 2853 aed
825 2794 919 2854 ctiam
932 2793 964 2852 in
974 2793 1042 2852 foro
1054 2810 1125 2854 eon-

196 2881 332 2942 scientiae
346 2881 386 2943 ad
397 2881 552 2942 tollendos
565 2884 739 2961 scrupulos.

235 2975 291 3035 Ins
304 2972 439 3052 eligendi
455 2973 637 3052 episcopum
651 2978 707 3036 aut
720 2975 817 3036 alium
827 2976 1003 3054 praelatum,
1024 2981 1125 3038 extra·

70 3141 72 3145 Ι
137 3078 141 3083 ’
196 3066 247 3126 nei
262 3065 377 3143 clerici,
393 3065 446 3146 qui
468 3084 529 3127 uon
551 3069 624 3128 sunt
641 3066 680 3128 de
695 3067 839 3146 collegio,
859 3070 893 3129 ut
907 3067 1122 3146 praescribant,

195 3161 235 3220 40
249 3158 322 3218 enni
343 3158 546 3238 requiruntur
561 3177 633 3219 cum
646 3158 736 3220 titulo
761 3158 912 3236 colorato,
935 3160 985 3221 vel
999 3167 1124 3241 tempus

163 3313 165 3317 ,
195 3250 422 3314 immemoriale
438 3251 503 3312 siue
517 3251 618 3329 titulo,
635 3251 660 3312 si
681 3251 741 3312 hcc
757 3269 927 3331 usucapere
940 3253 1047 3332 velint,
1071 3273 1125 3315 ex-

196 3343 289 3406 clusis
312 3344 545 3424 capitularibus.
570 3345 602 3407 Si
625 3362 701 3406 varo
718 3343 770 3425 jus
799 3345 860 3407 hcc
880 3362 937 3426 per
961 3349 1123 3428 praescup-

179 3437 313 3498 ¹tionem
326 3436 466 3498 oblinere
481 3438 637 3500 voluntat
657 3456 720 3498 una
741 3455 812 3522 cum
826 3439 1050 3524 capitularibus
1065 3441 1123 3525 ipsi

197 3528 335 3609 extranei
357 3529 460 3592 elerici
480 3531 612 3610 eligant,
627 3522 694 3596 tum
708 3549 771 3596 uon
787 3547 865 3613 opus
880 3535 927 3596 est
939 3533 1045 3612 titulo,
1068 3533 1123 3594 sed
