2578 4012
385 255 423 300 us
445 255 637 302 urunrnearr
660 234 850 326 bimenstre,
1025 238 1083 298 631

153 401 255 464 solum
270 419 378 462 eoram
395 399 552 478 episeopo,
569 398 619 460 vel
641 397 708 479 ejus
722 396 838 458 vicario
854 395 1012 476 generali,
1029 397 1085 458 sed

154 494 249 556 etiam
264 511 372 554 eoram
395 493 550 571 capitulo,
566 495 597 553 et
618 491 746 571 quidem
765 509 823 570 per
836 489 955 568 seipsos
979 508 1086 567 perso·
1165 530 1168 535 -

154 587 267 649 naliter
281 589 312 648 et
327 602 389 647 non
405 603 462 664 per
478 590 723 664 procuratorem.

194 681 227 738 3⁰
249 678 412 754 Canoniei,
440 677 492 757 qui
522 678 662 738 emittere
691 676 763 737 fidei
787 675 1014 754 professionem
1042 677 1086 736 te·

155 775 280 848 nentur,
298 778 329 832 et
343 771 425 832 ultra
437 770 625 850 praefinitum
639 776 763 848 tempus
775 768 932 829 bimestris
948 786 1018 828 eam
1031 767 1087 828 eli-

158 883 229 926 eere
242 863 476 943 protelaverint,
488 881 549 924 non
564 863 729 941 privantur
740 861 892 922 fructibus
904 860 997 940 primi
1013 860 1086 922 dieti

154 957 322 1033 bimestris,
339 956 394 1017 sed
407 955 558 1018 fructibus
574 974 612 1016 ex
626 962 697 1033 post
709 953 925 1029 damnandis,
942 972 1055 1033 nempe
1068 971 1087 1014 a

156 1049 206 1110 die
221 1049 317 1128 elapsi
328 1048 420 1127 primi
432 1048 600 1110 bimestris.
617 1049 661 1128 (S.
680 1050 713 1110 G.
731 1049 764 1109 G.
783 1050 816 1107 11
833 1046 908 1108 maii
924 1046 1026 1125 1782.)

158 1191 160 1198 .
194 1147 226 1202 10
248 1141 361 1204 valida
373 1141 529 1202 erectione
540 1141 855 1202 canonicatuumaS.
868 1141 901 1202 (1.
915 1139 1086 1215 declarata,

156 1233 323 1297 canonicos
344 1234 384 1295 ab
412 1234 558 1313 episeopo
583 1233 739 1295 institutos
763 1233 880 1294 hahere
907 1233 1032 1294 stallum
1056 1232 1087 1291 in

157 1327 264 1405 ahere,
277 1329 308 1388 et
320 1327 388 1388 aliis
402 1323 561 1389 'canonicis
571 1330 642 1406 post
656 1344 765 1388 eorum
775 1325 1001 1387 institutionem
1015 1342 1089 1405 pro-

157 1419 231 1481 visis
256 1420 447 1498 praemere,
476 1423 570 1503 atque
594 1419 766 1480 honoribus
792 1437 827 1479 ao
845 1417 1087 1497 praeeminentiis

158 1511 303 1574 omuibus
317 1511 518 1590 insidebam,
535 1512 649 1592 quibus
664 1511 806 1574 canoniei
821 1510 1013 1591 antiquiores
1029 1529 1087 1590 pa-

156 1604 287 1680 tiuntur,
304 1604 467 1666 definitum
482 1607 540 1666 est.
559 1605 607 1684 (25
622 1604 685 1666 feb.
704 1604 808 1688 1617.)

197 1699 229 1758 50
250 1696 397 1759 Canonioi
409 1697 547 1759 eeclesiae
559 1697 747 1760 cathedralis
759 1697 790 1757 in
802 1697 1087 1776 supplicationibus

157 1789 330 1851 seeundum
344 1789 444 1851 aetatis
466 1791 709 1869 prerogativam
722 1790 868 1850 incedere
883 1789 1010 1868 debent,
1024 1809 1087 1852 nou
1154 1803 1157 1808 ·
1283 1777 1284 1786 ’

158 1886 263 1942 autem
286 1882 478 1944 consuetudo
492 1885 648 1963 praetensa
671 1883 843 1944 seeundum
866 1882 1037 1944 sessionem
1056 1883 1087 1944 iu

158 1973 257 2036 stallis
271 1972 435 2055 inoedendi
453 1981 499 2036 est
513 1976 678 2037 servanda.
698 1976 728 2055 (9
738 1975 801 2036 feb.
816 1975 918 2055 1664.)

198 2070 230 2128 60
251 2067 424 2129 Canonious
450 2067 589 2129 eoelesiae
615 2066 786 2147 collegiatae
809 2068 895 2130 urbis
919 2071 1026 2130 Romae
1041 2069 1089 2129 di-

158 2157 250 2238 gnior
264 2163 311 2221 est
325 2159 475 2223 aanonioo
490 2159 679 2223 cathedralis
693 2160 820 2223 alterius
830 2160 974 2223 eivitatis.
989 2161 1033 2240 (S.
1051 2164 1084 2224 G.

159 2253 207 2328 G.‚
222 2251 304 2331 apud
316 2251 655 2332 Monaoell.)‚Ganoniei
665 2253 853 2316 cathedralis
863 2253 1008 2316 omnibus
1019 2253 1087 2316 aliis

159 2343 316 2410 canonisis
329 2345 522 2423 praeeedunt.
539 2345 631 2426 (Rota
644 2349 680 2408 13
693 2346 755 2408 feb.
771 2346 872 2426 1626.)
883 2347 921 2407 ut
930 2346 1087 2408 canonicis

159 2436 348 2500 eathedralis
359 2437 392 2498 iu
407 2437 718 2517 ecelesiaparoohiali
727 2437 852 2518 dignior
858 2440 945 2501 loeus
955 2438 1088 2502 debetur

157 2528 338 2592 immediate
350 2533 421 2610 post
431 2530 622 2611 episcopum,
631 2534 662 2593 et
671 2534 741 2611 post
750 2531 859 2594 sedere
869 2532 963 2595 debet
971 2535 1083 2595 rector.

159 2620 204 2701 (S.
219 2623 327 2686 (1.1111.
342 2625 380 2683 11
394 2623 474 2686 febr.
492 2623 594 2704 1631.)
666 2669 669 2671 -

173 2718 230 2792 ,7⁰
251 2714 427 2778 Ganoniaus
453 2715 539 2796 prius
564 2716 665 2780 faetus
689 2717 783 2779 dehet
810 2717 989 2796 praeoedere
1018 2718 1087 2780 aliis

160 2810 233 2887 post
244 2806 346 2886 ipsum
360 2806 514 2883 admissis,
528 2807 649 2869 etiamsi
664 2808 727 2870 sint
741 2809 894 2871 doctores.
911 2811 955 2890 (S.
978 2812 1010 2872 G.
1023 2809 1084 2871 Rit.
1099 2854 1103 2861 „

158 2901 197 2961 29
211 2918 282 2964 nov.
299 2899 401 2979 1603.)
417 2901 456 2960 ut
478 2899 653 2978 generatim
668 2899 819 2978 canonici,
837 2901 963 2982 quando
978 2920 1087 2965 omnes

146 2995 230 3058 sunt
242 2992 419 3072 presbyteri
443 2991 627 3071 praecedunt
647 2993 730 3062 inter
750 3011 783 3054 se
809 2995 982 3056 seeundum
997 3011 1087 3055 suam

158 3084 382 3162 receptionem.
401 3085 446 3165 (S.
461 3085 495 3147 G.
513 3083 573 3145 Rit.
585 3085 718 3145 tmartii
732 3086 834 3166 moe.)

272 3231 299 3274 ΙΙ.
314 3240 424 3274 monci
437 3241 517 3285 Quota
530 3237 692 3274 mmmm
705 3239 735 3273 ΙΤ
748 3239 879 3274 ίΙΜΙΉΰἈί
891 3241 972 3276 asom.

157 3327 162 3336 ⁴
198 3349 229 3412 10
249 3345 421 3432 Episcopus
436 3353 476 3415 oh
491 3370 553 3416 non
577 3349 779 3413 residentiam
792 3351 933 3414 canonici
951 3350 1085 3416 andrea

154 3440 262 3520 dem„
288 3444 377 3508 illum
391 3444 577 3510 canonicatu
599 3443 735 3525 privavit
758 3444 868 3508 edictis
883 3448 992 3516 eontra
1012 3463 1085 3512 eum
