2584 4022
560 271 597 318 on
618 271 756 320 mouns.
1033 220 1046 243 ⁸
1084 253 1121 318 l'l

89 459 90 464 κ
190 419 258 480 tam
284 414 414 481 domum
437 433 587 478 rovocare
614 414 654 478 ad
677 415 781 478 iorum
806 414 977 492 domicilii,
1005 414 1061 478 ubi
1082 415 1123 478 ad

190 509 445 589 respondendum
458 509 569 570 melius
585 509 755 571 instructus
770 512 834 584 ost,
849 512 881 571 et
895 507 1041 588 quamvis
1057 508 1123 570 Tri-

190 603 291 679 dent.‚
309 620 384 664 sess.
405 606 454 678 ot,
473 621 499 664 c.
516 605 565 678 20,
582 604 626 664 lie
639 601 746 677 rafor„
762 601 846 678 volit,
860 604 894 662 ut
907 619 1010 662 causae
1026 601 1122 662 ecclc·

188 695 324 758 siasticae
345 694 376 756 in
391 695 493 774 prima
505 694 654 758 instantia
678 713 786 756 eoram
801 693 968 756 ordinariis
980 693 1122 756 locorum

192 791 431 867 cognoscantur,
455 805 493 848 ac
513 787 731 864 terminentur,
749 805 806 866 par
825 787 885 848 hoo
912 792 1019 848 tamen
1044 786 1121 846 nihil

192 881 378 959 derogatum
402 881 502 946 voluit
517 899 585 961 cap.
614 880 701 943 libet.
717 884 796 943 (lum
821 879 962 944 omnium
979 880 1121 941 locorum

191 973 366 1036 ordinarius
379 973 440 1036 dici
449 975 549 1053 possit
561 975 754 1053 etiamPapa,
772 976 805 1035 et
818 972 970 1038 nemesii
983 989 1121 1035 commu·

191 1066 239 1128 nis
252 1065 393 1127 omnium
407 1065 439 1126 in
451 1065 573 1130 Christo
585 1064 728 1126 ildelium
741 1065 855 1145 patria.

231 1157 379 1236 Secundo,
396 1163 527 1238 possunt
546 1159 641 1220 etiam
656 1156 874 1220 sortiri'forum
890 1158 986 1238 aliqui
1001 1159 1122 1220 ratione

193 1269 308 1327 oausae,
323 1257 418 1330 prout
429 1269 531 1312 oausae
544 1251 777 1328 ecclesiastiea,
797 1254 829 1312 et
842 1250 1020 1330 spirituales
1031 1250 1126 1313 etiam

190 1344 471 1406 laieorumcoram
486 1343 594 1424 judice
611 1344 821 1406 eeclesiastico
846 1345 975 1406 tractari
988 1343 1121 1420 debent,

190 1436 248 1498 etsi
267 1455 325 1498 nec
348 1437 473 1499 ratione
499 1437 668 1514 domicilii,
685 1455 743 1498 noo
756 1455 794 1497 ax
809 1437 869 1497 alio
894 1435 1053 1498 ordinario
1074 1454 1122 1498 ca-

190 1531 268 1609 pito,
282 1529 324 1590 ed
338 1531 434 1593 talam
445 1530 740 1612 judicem-persona
754 1529 834 1591 tales
850 1532 1038 1609 spectarent.

232 1623 344 1700 Tertio,
367 1627 499 1702 possunt
521 1623 656 1702 speciale
685 1623 788 1686 forum
811 1621 916 1684 semini
938 1621 1051 1701 aliqui,
1080 1623 1120 1684 ob

190 1718 276 1776 certa
299 1715 360 1776 illis
383 1733 532 1778 concessa
553 1715 736 1795 privilegia,
760 1715 875 1794 quibus
897 1713 937 1776 ab
961 1713 1119 1776 ordinacio

190 1808 259 1870 foro
271 1807 422 1887 exempti,
437 1811 522 1870 corto
536 1808 605 1870 foro
619 1807 770 1886 gaudent.

229 1899 356 1978 Quarto,
376 1900 495 1962 ratione
512 1901 743 1962 communitatis
752 1900 975 1980 privilegiatae,
993 1899 1043 1960 cui
1060 1899 1120 1960 ad·

187 1992 294 2072 scripti
323 1997 405 2056 sunt.
429 1995 468 2056 at
488 1993 591 2074 quieto
614 1993 750 2074 denique
776 1993 897 2056 rationo
922 1990 1122 2054 continentiae

189 2089 222 2147 at
233 2085 434 2148 connexionis
448 2105 633 2164 causarum,
648 2086 687 2148 de
704 2085 819 2166 quibus
834 2086 898 2147 suis
912 2085 999 2147 locis.
1118 2141 1120 2144 .
1219 2151 1221 2158 ,

229 2179 280 2240 lll.
295 2177 456 2252 Quomodo,
472 2185 503 2240 et
516 2179 631 2260 quondo
641 2179 791 2240 sortiatur
800 2179 870 2260 quis
880 2179 995 2256 forum,
1008 2178 1123 2240 reticeo

191 2270 350 2348 domicilii,
367 2272 433 2332 sive
448 2271 593 2350 originis,
617 2271 683 2332 sive
705 2270 918 2332 habitationis.
936 2271 1057 2348 Duplex
1075 2272 1123 2330 est

193 2365 296 2432 forum
309 2363 475 2440 domicilii,
492 2363 621 2442 originis
631 2362 768 2436 scilicet,
784 2368 815 2420 et
828 2361 1038 2422 habitationis.
1053 2361 1122 2421 Ori-

193 2457 274 2536 ginis
289 2456 481 2518 domicilium
502 2456 548 2518 ibi
566 2455 635 2534 quis
651 2456 795 2521 censetur
817 2452 953 2529 habore,
977 2451 1032 2512 ubi
1053 2451 1121 2531 quis

192 2551 345 2610 natusest
360 2567 397 2608 ex
412 2552 513 2627 patre,
530 2547 583 2628 qui
598 2565 661 2609 non
674 2551 796 2609 tantum
811 2564 868 2626 par
878 2544 1008 2608 modum
1021 2548 1122 2606 trans-

192 2640 333 2702 euntium
353 2641 385 2701 in
402 2641 556 2718 hocloco,
588 2641 643 2702 uhi
658 2640 730 2721 quis
745 2643 908 2716 natusest,
925 2638 1119 2714 morabatur,

192 2751 264 2795 cum
277 2733 350 2794 alibi
372 2733 566 2804 domicilium
581 2733 718 2811 habeat,
744 2732 800 2794 sed
823 2732 855 2792 in
875 2750 937 2812 quo
951 2734 1042 2809 pater
1057 2727 1120 2790 nati

190 2825 247 2886 filii
265 2825 376 2887 stabile
406 2825 599 2896 domicilium
622 2826 778 2901 habebat,
807 2824 833 2886 si
849 2827 964 2886 'tamen
995 2821 1121 2900 aliquod

101 2987 104 2996 ,
191 2917 341 2995 haberet,
357 2918 431 2980 licet
448 2918 530 2979 filius
552 2922 640 2980 extra
661 2918 744 2979 huno
764 2918 870 2980 locum
893 2935 932 2976 ax
956 2913 1119 2976 occasione

190 3011 351 3088 transitus,
359 3030 389 3072 v.
407 3029 451 3090 g.‚
462 3011 607 3090 autlugae
623 3013 714 3072 natus
724 3009 773 3072 sit.
788 3011 887 3070 lmmo
895 3007 985 3086 juxta
1000 3003 1121 3082 aliquos

191 3103 240 3165 ibi.
259 3103 354 3164 ctiam
376 3103 479 3165 iorum
506 3102 635 3181 originis
655 3101 784 3163 sortitur
806 3099 934 3176 aliquis,
958 3095 1011 3156 ubi
1032 3099 1123 3175 pater

191 3195 274 3258 illius
286 3199 395 3274 natus,
409 3197 460 3257 vel
475 3197 500 3258 si
512 3196 580 3275 ipso
595 3211 693 3274 nepos
706 3194 830 3257 vivente
844 3207 920 3266 avo,
936 3192 967 3251 ot
979 3189 1011 3250 in
1027 3188 1121 3269 hujus

191 3291 347 3368 potestate
373 3292 466 3350 natus
491 3288 546 3364 sit,
573 3286 665 3350 avitae
687 3285 817 3366 originis
845 3283 949 3346 forum
968 3283 1119 3344 sortitur:

192 3397 355 3460 nunquam
370 3387 475 3442 autem
487 3379 611 3456 matris,
630 3379 691 3441 nisi
704 3379 744 3442 sit
761 3379 856 3458 vulgo
872 3375 1040 3458 quaesitus,
1067 3373 1121 3454 qui

191 3477 316 3553 patrem
330 3474 546 3536 demonstrare
561 3491 624 3536 non
642 3475 754 3553 potest.
781 3473 825 3540 lli
834 3469 978 3552 quamvis
993 3468 1122 3531 demon·-
