2586 4020
210 299 266 358 itt
291 371 294 377 Α
420 312 650 362 rnsrrrurronns
670 313 754 362 rums
775 312 929 362 concuret.

209 457 318 519 contra
338 456 513 536 ecelesiam,
526 459 652 539 quando
672 458 741 521 hac
761 465 865 536 vacat,
883 459 976 521 vulsi
994 461 1143 542 prelatus

209 567 302 630 agere
311 569 373 613 non
383 551 481 631 possit
494 570 628 614 censura
639 551 755 632 aliqua,
763 557 818 613 aut
828 551 1054 631 impedimento
1062 553 1143 635 juris

210 643 284 724 (uon
298 643 370 706 iacti
385 645 519 725 tantum)
531 645 710 726 impeditus.
719 645 835 723 Tertio,
845 649 956 708 ccutm
970 646 1144 708 Ecclesiam

152 751 155 762 ⁴
208 754 372 800 romanam
395 737 525 815 dormit,
542 738 568 800 si
587 738 724 800 schisma
741 738 781 799 sit
801 737 833 798 iu
853 737 907 798 illa
924 738 1076 814 ecclesia;
1093 741 1144 802 vel

209 831 1144 912 conuaromanumimperium,sivacathoc,autcontrapu-

208 923 329 1003 pillum,
346 925 372 985 si
384 925 477 987 duret
491 923 595 986 adhuc
609 923 772 1005 pupillaris
780 925 867 1000 tetes,
880 925 952 1000 etc,
961 923 1035 1003 quia
1050 925 1083 985 in
1095 925 1144 987 his

209 1016 333 1076 casibus
348 1022 403 1077 aut
420 1016 493 1097 juro
507 1035 570 1079 uon
585 1016 743 1094 dicuntur,
761 1017 812 1078 vel
831 1016 870 1077 de
885 1017 957 1097 jure
971 1034 1067 1096 agere
1079 1037 1144 1080 non

209 1111 322 1188 potest,
339 1112 447 1170 ocntm
460 1127 554 1188 quem
568 1109 792 1190 praescribitur,
802 1110 853 1170 vel
863 1127 920 1171 suo
934 1110 1074 1189 legitimo
1087 1111 1144 1173 de-

207 1201 331 1262 fensore
346 1207 432 1264 caret
443 1202 585 1280 ecclesia,
600 1205 659 1264 etc.

249 1295 300 1356 Xl.
316 1292 447 1370 Odanda
458 1304 487 1356 et
498 1293 846 1377 quomodo,proescriptio
856 1295 1144 1376 interrumpatur,et
1162 1309 1165 1314 '

209 1406 250 1449 an
261 1387 354 1450 etiam
366 1406 423 1467 per
435 1388 689 1468 impetrationem
700 1387 859 1468 privilegii
867 1388 1036 1450 contrarii?
1045 1391 1143 1452 Inter·

208 1481 311 1559 rumpi
327 1481 442 1542 dicitur
456 1481 663 1561 praescriptio,
675 1481 804 1564 quaudo
822 1484 992 1561 antequam
1003 1482 1145 1562 comple-

207 1577 270 1650 tur,
288 1574 333 1634 ita
347 1579 448 1636 cessat
463 1577 511 1652 ut,
529 1577 670 1636 cessante
684 1574 780 1635 etiem
794 1573 1032 1654 interruptionis
1046 1593 1143 1638 causa

208 1665 305 1746 prius,
315 1666 642 1747 etposteriustempus
652 1684 715 1728 non
724 1666 926 1728 continuetur
935 1665 975 1727 ed
985 1668 1143 1746 complen-

207 1757 281 1818 dam
290 1759 571 1839 praescriptionem,
588 1759 645 1820 sed
662 1759 700 1820 de
715 1776 796 1821 novo
811 1758 927 1820 debeat
940 1759 1094 1838 inchoari,
1111 1765 1144 1824 et

207 1852 895 1932 totumtempuspraecedensinterruptionem
906 1851 947 1913 sit
956 1851 1139 1932 extinctum,

209 1943 309 2024 qualis
319 1943 503 2024 interruptio
511 1947 657 2006 censetur
666 1945 745 2022 fieri,
759 1944 884 2024 quando
896 1945 1001 2006 delicit
1009 1945 1140 2026 aliquid,

209 2037 293 2116 qnod
313 2036 353 2097 ad
372 2037 598 2116 substantiam,
618 2039 684 2098 sive
707 2038 874 2099 essentiam
895 2038 1143 2118 praesoriptionis

208 2127 388 2208 requiritur,
414 2132 449 2191 ut
469 2130 495 2192 si
514 2131 676 2193 amittatur
692 2131 846 2212 possessio
866 2130 964 2192 civilis
978 2150 986 2205 ;
1001 2131 1026 2190 si
1041 2136 1144 2195 cesset

206 2221 291 2284 bone
304 2223 399 2308 fides;
417 2223 442 2286 si
462 2227 562 2286 cesset
575 2224 694 2302 titulus,
710 2225 765 2286 ubi
780 2224 831 2285 hic
845 2222 1032 2303 requiritur3
1049 2225 1100 2285 vel
1114 2225 1143 2286 si

203 2315 279 2397 jura
298 2316 342 2378 ite
359 2317 527 2396 disponant
538 2317 713 2398 (equorum
728 2316 930 2397 dispositione
945 2316 1139 2397 praescriptio

207 2410 271 2471 vim
286 2429 376 2472 suam
394 2412 658 2472 etauctoritatem
676 2409 795 2490 habet),
811 2415 906 2488 prout
920 2407 961 2470 dt
974 2411 1141 2490 praescrip-

206 2501 291 2563 tione
313 2503 400 2581 longi
422 2507 453 2563 et
475 2503 648 2582 longissimi
668 2503 818 2582 temporis
841 2501 1025 2581 disponunt,
1053 2503 1140 2582 quod

206 2593 454 2674 interrumpatur
476 2614 533 2674 per
550 2594 613 2656 luis
634 2595 893 2657 contestationem
913 2593 1095 2674 juridicam,
1114 2595 1143 2656 si

206 2685 407 2764 postmodum
434 2687 590 2748 sententia
615 2689 724 2750 contra
746 2703 959 2766 possessorem
977 2688 1042 2748 leta
1061 2687 1136 2765 luit,

208 2777 265 2839 nisi
280 2779 483 2859 presumptio
493 2779 578 2841 sitex
590 2780 816 2842 sufficientibus
831 2779 1020 2860 conjecturis
1030 2785 1140 2841 contra

208 2872 449 2953 actorem,quod
464 2871 549 2934 litem
558 2874 641 2935 malo
654 2873 771 2951 enimc,
781 2873 960 2953 praeeisead
974 2871 1139 2934 interrum-

206 2965 343 3046 pendam
365 2971 422 3027 aut
438 2965 689 3046 prolongandam
709 2965 977 3046 praescriptionem
991 2965 1136 3028 moverit.

247 3059 278 3123 Si
310 3059 380 3139 quis
408 3065 513 3122 autem
541 3061 690 3140 impetret
716 3058 915 3140 privilegium
933 3058 1140 3120 'contrarium

207 3152 444 3233 praescriptioni,
457 3153 696 3234 interrumpitur
710 3153 837 3234 quidem
849 3152 1055 3232 praescriptio,
1064 3151 1090 3214 si
1101 3170 1140 3214 ea

206 3245 347 3308 nondum
369 3246 524 3326 completa
545 3247 596 3327 sit,
611 3248 696 3328 quia,
713 3249 783 3327 post
796 3245 999 3325 impetratum
1016 3244 1141 3324 privile-

205 3338 293 3418 gium
301 3339 426 3403 videtur
437 3359 505 3403 esse
517 3342 549 3402 in
564 3342 648 3403 mala
661 3339 723 3401 fide
737 3337 954 3420 prescribens,
967 3358 1005 3400 ex
1018 3338 1080 3402 hoo
1090 3339 1140 3402 vi·

206 3431 319 3496 delicet
328 3433 429 3518 capite
444 3434 485 3496 ad
496 3433 696 3516 privilegium
709 3432 768 3496 sibi
777 3431 1011 3513 impetrandum
1020 3435 1135 3510 motus,

206 3525 291 3608 quod
304 3530 430 3608 putaret
441 3546 509 3591 rem
526 3528 621 3590 talem
642 3527 682 3589 ed
696 3545 730 3589 se
744 3523 808 3590 non
827 3526 1004 3608 pertinere3
1022 3524 1136 3588 sivero
