2584 4022
180 328 225 390 30
387 337 619 388 rnsrrrnrrosns
639 339 723 389 rnnrs
745 337 900 390 ememor.

180 483 306 550 ritualia
326 482 541 548 immediatos
562 483 684 548 Christo
706 484 781 546 data
799 486 846 547 eet
864 485 993 548 Sammo
1009 484 1112 548 Ponti·
1236 511 1241 522 ·

181 578 244 656 fici,
259 577 351 640 sicuti
363 581 502 658 potestas
519 577 648 660 politice
659 578 691 638 in
707 577 816 640 ordine
838 578 879 639 ad
891 577 1077 658 temporalia
1094 597 1113 640 a

181 671 344 752 republica
370 671 464 732 datur
489 671 722 751 principiztum
742 671 827 752 quod
849 671 1012 752 utriusque
1032 671 1113 753 juris

180 767 284 827 textus
298 764 379 826 hene
389 764 621 843 exemptionem
636 762 757 824 clericis
769 763 928 840 tribuant,
946 767 977 826 et
998 783 1061 829 non
1080 764 1114 836 in

180 856 340 938 primitiva
350 857 499 933 Ecclesia,
509 857 611 918 omnis
626 856 742 934 anima,
756 855 847 936 juxta
860 857 1113 936 Apostolum,sn·

181 949 377 1012 blimioribns
385 948 592 1029 potestatibus
606 949 821 1028 (saecularibus
832 948 960 1030 scilicet)
974 949 1115 1030 subjecte

181 1041 286 1118 fuerit,
302 1041 358 1102 sed
372 1040 438 1120 ipse
452 1041 546 1103 etiam
558 1042 727 1120 Apostolus
745 1041 787 1104 ad
804 1044 959 1105 Gaeserem
976 1042 1115 1123 appelle-

181 1133 272 1210 verit‚
286 1136 353 1195 tum
369 1134 453 1214 qnod
461 1132 604 1196 Pontifex
619 1134 716 1196 etiarn
730 1133 824 1196 hodie
839 1134 937 1213 possit
950 1134 1110 1209 minuere,

182 1228 238 1288 aut
251 1225 418 1288 extendere
429 1227 511 1287 hanc
522 1227 764 1306 exemptionem.

222 1322 330 1400 Neque
360 1322 547 1398 argumento
577 1319 735 1382 contraria
759 1319 929 1380 efficaciter
956 1319 1112 1380 intentum

182 1412 332 1494 probant,
350 1429 422 1472 cum
436 1412 564 1491 Antiqui
579 1413 769 1474 Testamenti
784 1412 870 1492 leges
882 1411 1059 1492 judiciales,
1083 1414 1115 1471 et

183 1503 416 1566 caeremoniales
431 1503 524 1565 hodie
539 1522 602 1565 non
617 1505 750 1584 amplius
763 1505 899 1581 valeant,
908 1507 940 1565 et
952 1503 1030 1566 Novi
1043 1506 1114 1566 'les-

182 1595 313 1658 tementi
326 1594 425 1656 verba
443 1595 482 1656 de
497 1595 574 1656 Filio
590 1596 647 1656 Dei
662 1595 702 1656 ab
713 1596 797 1657 omni
807 1599 962 1676 potestate
976 1596 1116 1657 humana

183 1689 328 1767 exempto
348 1686 477 1776 iptelligi
491 1687 626 1766 possint;
645 1687 725 1748 sacri
743 1707 819 1748 vero
839 1706 985 1765 canones,
1003 1691 1034 1750 et
1047 1688 1116 1749 Tri-

183 1779 432 1841 dentinumsetis
447 1779 651 1860 explicentur,
668 1780 693 1841 si
713 1780 908 1860 originaliter
927 1780 1023 1842 divini
1035 1781 1114 1861 juris

185 1872 253 1936 haee
269 1870 426 1950 exemptio
442 1871 566 1933 dicatur
581 1889 660 1949 esse,
678 1873 728 1934 vel
742 1873 853 1935 saltem
866 1874 893 1934 si
903 1873 1026 1935 dicatur
1045 1872 1115 1935 talis

186 1963 410 2043 exemplariter
419 1963 502 2026 fecta
515 1965 556 2026 ad
565 1965 702 2046 antique
711 1966 790 2045 legis
801 1967 1041 2046 exemptionem,
1053 1984 1116 2028 non

185 2056 313 2138 quidem
322 2055 502 2117 immediate
515 2075 534 2118 a
548 2057 633 2133 Deo,
651 2057 707 2118 sed
722 2059 880 2120 aSummo
891 2059 1052 2122 Pontifice.
1067 2059 1114 2120 Ad

184 2148 338 2211 rationem
358 2148 493 2229 denique
508 2149 691 2229 responderi
712 2154 833 2229 potest,
849 2150 927 2212 nihil
949 2169 987 2212 ea
1012 2153 1117 2213 elfioa-
1188 2217 1190 2222 ,

186 2241 262 2304 citer
274 2241 411 2320 probari,
424 2260 496 2303 eum
510 2242 559 2304 vel
572 2241 611 2304 de
629 2244 723 2305 rebus
738 2243 928 2305 consecratis
943 2243 1114 2323 procedat,

186 2334 301 2414 quibus
314 2334 437 2396 ratione
451 2335 694 2399 consecrationis
714 2336 817 2418 major
833 2337 1011 2399 reverentia
1025 2337 1117 2399 debe·
1229 2391 1232 2396 .

184 2429 247 2503 tur,
257 2428 307 2487 vel
318 2428 357 2488 de
368 2429 463 2490 rebus
480 2447 543 2491 non
558 2430 758 2507 consecratis,
769 2432 801 2491 et
812 2449 870 2510 par
882 2430 941 2493 erit
952 2427 1115 2494 dubitandi

171 2515 264 2576 ¹ratio
282 2535 289 2575 z
306 2518 506 2596 quietamen,
523 2539 580 2580 nec
594 2524 741 2583 secundae
754 2523 918 2584 sententiae
930 2526 1118 2600 argumenta

185 2604 353 2665 efficaciter
367 2605 485 2683 aliquid
497 2609 643 2684 probent,
661 2611 927 2690 videnturpriori,
948 2631 1018 2691 quae
1032 2614 1115 2674 clero

184 2694 386 2756 favorabilior
401 2741 409 2772 ,
424 2701 455 2758 et
472 2699 669 2760 communior
680 2707 728 2761 est
742 2701 824 2762 inter
838 2703 1017 2765 canonistas
1034 2750 1042 2780 ‚
1059 2723 1116 2765 sua

184 2786 286 2867 major
297 2787 502 2866 probabilitas
516 2807 579 2850 non
593 2792 753 2870 neganda.

184 2907 194 2960 s
213 2910 248 2949 lv.
262 2917 294 2950 nx
311 2916 511 2952 suessionicus
531 2919 588 2952 ross
606 2921 781 2962 marsuano,
798 2897 981 2958 »annectamus
998 2923 1118 2958 sumnum·

352 2985 441 3024 rionis,
456 2987 487 3018 sn
501 2987 661 3022 aacnss‘rrons
672 2963 767 3024 'inurere
779 2991 952 3024 mursensem.

226 3067 292 3130 ΧΠ.
316 3069 361 3128 De
375 3069 607 3132 renuntiatione
618 3072 758 3154 jurium,
780 3091 836 3135 seu
850 3073 996 3135 favorum
1010 3074 1042 3134 in
1062 3092 1117 3154 ge-

186 3175 272 3219 nere.
290 3162 471 3224 Communis
484 3164 596 3244 regule
611 3171 667 3243 est,
686 3166 770 3246 quod
790 3166 922 3248 quisque
937 3167 1117 3229 renuntiare

185 3248 285 3328 possit
295 3250 359 3330 juri
376 3271 444 3333 suo,
462 3256 694 3338 seu'privilegio
708 3259 740 3320 in
752 3259 893 3321 levorem
906 3259 1068 3339 proprium
1088 3261 1119 3320 et

185 3339 342 3494 plrivatum
362 3362 528 3426 concesso,
552 3369 615 3412 non
631 3355 736 3414 antem
756 3353 829 3414 dato
848 3353 880 3414 in
904 3353 1045 3414 favorem
1059 3372 1117 3431 pu-

218 3449 312 3496 rcum.

225 3525 265 3587 Et
279 3525 494 3594 hincinfertur
508 3535 610 3615 primo
626 3543 746 3603 certum
761 3559 841 3618 esse,
855 3539 941 3622 quod
951 3537 1015 3621 juri
1028 3540 1117 3600 natu·
