2584 4022
130 225 133 230 ’
186 236 206 296 2
373 247 704 296 1usrrrurrounsrurrs
726 249 881 298 cruorum.

184 393 337 456 varietate
344 392 547 474 judiciorum,
564 393 717 456 secondom
729 395 768 456 de
775 395 882 476 judice
895 398 1111 475 competente,

185 489 217 550 ct
231 488 350 550 tertium
371 487 411 548 da
425 487 519 550 modo
539 488 747 570 componendi
768 488 908 552 libellum
922 507 977 552 seu
997 504 1113 567 propo-

183 579 278 644 nendi
293 579 458 644 actionem.

519 711 623 766 CAPUT
639 708 775 767 PRIMUM.

564 842 598 881 nu
614 841 733 882 Juurcro.

243 945 284 998 §.¹⁸
299 956 330 988 DE
344 955 447 988 cupreus
461 955 488 988 ut
501 956 610 993 (ium,
624 955 654 988 1¹1¹
668 953 781 987 HRSOMS
793 953 848 1008 QUAEJ
861 951 934 986 ΙΉΙΙ
947 953 1049 986 rossum

567 1021 594 1056 11
606 1020 713 1054 summo·

220 1132 245 1192 Ι.
270 1130 351 1204 Quid
366 1133 398 1192 et
409 1131 581 1212 quotuplex
594 1130 635 1192 sit
644 1129 823 1210 judicium?
836 1128 995 1191 iudicium
1010 1129 1112 1190 estle-

179 1223 292 1303 gitima
306 1223 352 1285 rei
375 1227 584 1286 controversae
604 1223 688 1302 apud
704 1221 844 1303 judicem
859 1222 941 1282 iuter
954 1221 1112 1300 litigantes

177 1316 334 1393 tractatio,
347 1335 402 1378 sen
417 1315 615 1395 disceptatio,
633 1318 664 1377 ct
679 1315 861 1398 dijudicatio
861 1361 876 1401 μ
892 1314 1109 1376 litisfinicndae

176 1408 296 1489 gratia:
310 1409 351 1470 ad
361 1409 445 1490 quod
459 1413 523 1472 tres
537 1409 726 1488 principales
735 1395 877 1487 persoiiae
888 1407 1046 1470 ordinario
1060 1426 1108 1469 ra·
1162 1394 1169 1410 ’

177 1501 344 1582 quiruntur
362 1522 369 1564 :
389 1501 506 1582 judex,
532 1505 619 1564 actor
638 1505 670 1564 et
693 1519 776 1562 reus.
792 1501 895 1564 Judex
909 1503 956 1562 est
973 1518 1108 1579 persona

176 1613 247 1674 quae
262 1594 389 1674 publica
403 1594 588 1657 auctoritate
599 1593 719 1674 judicio
739 1597 872 1673 praest,
886 1593 926 1655 ab
949 1611 1005 1672 eo,
1023 1592 1107 1674 quod

172 1685 225 1768 jus
240 1686 335 1764 dicat,
346 1687 411 1748 sive
426 1706 494 1748 rem
506 1689 741 1749 controversam
751 1687 924 1748 secundum
933 1686 1014 1768 juris
1028 1703 1107 1765 prae·

174 1780 326 1858 scriptum
339 1779 479 1857 deliniat,
492 1779 591 1860 judex
605 1780 791 1859 appellatus,
816 1782 913 1842 Actor
928 1780 968 1840 ab
982 1778 1104 1858 agendo

176 1871 309 1949 dicitur,
326 1876 435 1952 estque
452 1872 478 1932 is
500 1872 554 1951 qui
569 1873 727 1935 actionem
741 1873 904 1952 proponit,
920 1876 952 1934 et
965 1871 1052 1951 prior
1066 1871 1112 1932 ad

162 2042 166 2050 ι
171 1962 327 2044 judicium
337 1968 499 2045 provocat,
508 1983 546 2026 oc
557 1965 589 2026 in
600 1965 775 2026 actionibus
785 1964 998 2026 criminalibus
1013 1983 1106 2027 accu-

102 2115 121 2139 ,
174 2059 261 2118 sator
275 2057 399 2119 dicitur.
418 2060 500 2118 Reus
515 2057 650 2137 denique
666 2060 722 2134 est,
745 2056 798 2136 qui
813 2057 852 2116 ab
867 2061 973 2119 actore
992 2075 1107 2135 provo-

175 2153 275 2226 catur,
284 2168 340 2211 seu
350 2149 440 2230 injus
450 2148 644 2226 vocatur‚ito
654 2148 755 2232 dictus
767 2152 957 2210 nonareatu
967 2167 1102 2228 semper,

110 2279 113 2282 -
174 2242 230 2303 sed
241 2261 260 2303 a
273 2261 319 2320 re,
332 2242 371 2304 de
383 2261 445 2324 qua
455 2242 657 2322 disceptatur,
670 2245 702 2303 et
711 2243 758 2302 est
768 2240 990 2303 controversia.
1007 2239 1104 2302 Sicuti

176 2339 281 2397 autem
308 2335 422 2398 actoris
444 2335 545 2398 vicem
573 2334 718 2416 supplere
747 2349 973 2412 nonuunquam
1001 2335 1105 2412 potest

174 2427 388 2507 magistratus,
396 2429 645 2509 siprocedatper
654 2427 788 2490 sormam
797 2425 1057 2508 inquisitionisv.
1069 2445 1100 2505 g.

175 2518 216 2580 ob
238 2518 356 2578 famam
379 2521 629 2600 praecedentem,
650 2520 694 2582 ita
716 2538 789 2581 rcus
808 2518 847 2579 de
873 2519 1020 2598 praesenti
1040 2534 1103 2581 non

175 2609 269 2672 debet
280 2627 404 2689 semper
420 2629 488 2672 esse
503 2615 616 2674 cortus.
1112 2683 1114 2686 .

213 2703 428 2766 Interveniunt
441 2709 554 2777 autem
567 2704 752 2785 plerumque
766 2704 861 2768 etiam
875 2705 944 2766 alim
959 2723 1101 2786 persona

174 2793 346 2874 injudicio,
361 2814 431 2877 quae
443 2799 549 2858 tamen
561 2796 664 2858 minus
674 2798 872 2877 principales
886 2803 918 2861 et
929 2799 1101 2861 accessorie

173 2891 296 2950 tantum
311 2888 351 2948 ad
369 2889 556 2968 principales
577 2907 611 2951 sa
632 2891 767 2970 habent,
790 2892 897 2972 quales
912 2897 985 2955 suut
1003 2911 1102 2954 asses·

174 2998 272 3060 sores,
289 2980 468 3060 consiliarii,
480 2983 604 3062 notarii,
617 2985 778 3063 advocati,
794 2988 904 3064 testes,
921 2989 980 3048 etc.
998 2985 1100 3050 Variae

175 3077 280 3136 autem
292 3078 365 3137 aunt
374 3074 566 3156 judiciorum
580 3077 747 3142 divisiones
762 3097 768 3138 :

214 3165 321 3228 Prima
335 3169 510 3232 desumitur
524 3189 562 3232 ex
578 3169 758 3233 diversitate
769 3169 992 3250 judicantium,
1009 3172 1053 3232 ita
1066 3174 1101 3232 ut

172 3257 251 3321 illud
266 3260 316 3321 cui
335 3267 449 3338 praeest
458 3263 554 3344 judex
568 3263 814 3348 ecclesiasticuS,
829 3263 985 3343 judicium
1000 3263 1100 3324 eccle·
1116 3335 1126 3347 ς

173 3352 333 3414 siasticum
348 3352 480 3432 dicatur,
492 3360 524 3420 et
538 3357 587 3420 oui
602 3361 716 3438 praeest
726 3355 824 3437 judex
837 3356 1005 3434 saecularis,
1016 3354 1099 3436 judi-

173 3443 257 3512 cium
269 3445 430 3514 saeculare.
448 3449 528 3517 Illud
541 3449 750 3517 subdividitur
759 3449 792 3514 in
803 3448 1009 3534 spiritualeet
1021 3452 1099 3516 tcm-
