2586 4020
182 232 240 294 leo
389 227 631 306 lusnnnronns
651 242 736 292 uun1s
756 241 914 292 onuorror.

219 387 329 452 Diffsrt
342 389 449 452 nutem
463 408 483 451 e
495 407 532 452 re
543 382 685 472 Judiontn
703 387 869 470 sententie,
886 387 972 469 quod
985 387 1055 452 haeo
1075 389 1116 452 sit

179 480 249 563 ipso
261 480 378 562 judiois
399 481 538 545 definitio
558 485 590 544 et
607 469 830 562 pronuntiatio,
846 481 900 542 ills
917 499 992 544 vero
1006 482 1047 545 sit
1063 499 1114 544 res
1212 477 1224 502 '

181 577 393 653 oontuovorsa,
410 575 450 636 do
464 591 528 655 qua
544 573 699 636 sententia
712 575 777 635 lats
791 579 849 650 est,
865 576 897 636 et
912 591 982 655 qnae
997 593 1054 653 per
1063 575 1113 656 ju·

180 666 258 730 diois
277 667 469 732 decisionem
490 669 586 730 finem
607 665 745 747 nooepit3
767 665 901 727 subinde
925 670 1032 728 tamen
1055 685 1112 747 pro

180 759 294 824 eodem
303 759 449 822 videnlur
460 759 716 836 sumisententin,
731 762 762 821 et
773 776 823 820 res
829 757 980 838 judicato,
994 763 1029 822 ut
1041 777 1114 822 oum

179 853 296 918 dieitur
309 853 497 917 sententium
511 853 642 916 transire
656 852 688 912 in
700 870 768 914 rom
778 850 963 932 judioatam,
981 869 1051 932 quae
1065 855 1114 914 tn-

179 964 254 1010 men
266 945 391 1008 videtur
402 946 505 1025 potins
518 965 585 1009 esse
599 944 728 1026 quaestio
742 945 929 1007 denomino.

222 1040 260 1101 ΙΙ.
286 1037 386 1112 Quoto
397 1038 551 1101 sententie
567 1039 608 1100 sit
623 1037 772 1100 ferenda?
786 1037 946 1100 Sententia
967 1036 1042 1098 ferri
1060 1036 1115 1098 de·

182 1132 237 1196 bet
256 1130 429 1194 seeundum
446 1132 553 1210 legum
574 1134 606 1193 et
622 1147 779 1192 eanouum
797 1130 996 1212 praesoripta,
1012 1129 1056 1191 ita
1079 1135 1115 1192 ut

182 1226 292 1288 oonua
305 1222 358 1305 jus
380 1222 609 1288 constitutionis
626 1224 701 1301 luta,
716 1223 783 1284 sive
804 1228 913 1285 eontra
933 1224 1036 1303 legem
1060 1225 1116 1285 sut

182 1335 318 1381 onnonos
334 1317 416 1380 olore
432 1321 463 1380 et
476 1317 650 1380 indubitate
665 1316 904 1397 praesorihontes
918 1319 1037 1378 oertnm
1058 1316 1117 1377 eli-

182 1429 278 1492 qunm
288 1409 364 1470 inre
379 1413 465 1472 oerta
476 1410 673 1488 sententiam,
688 1416 743 1471 eut
756 1409 896 1488 modum,
913 1409 953 1470 sit
966 1409 1033 1487 ipso
1042 1408 1115 1490 juro

181 1503 278 1581 nullo,
310 1501 404 1564 etiam
422 1503 448 1563 si
467 1505 620 1582 praetextu
644 1501 878 1566 consuetudinis
898 1501 1074 1582 reprobatu
1096 1519 1117 1564 o

179 1593 251 1676 jure
263 1594 384 1672 Intersit,
397 1612 469 1656 oum
483 1595 675 1657 consuetudo
684 1595 756 1656 talis
766 1594 843 1656 nihil
853 1595 967 1671 valeat,
981 1593 1116 1674 etjudox

182 1704 246 1748 non
258 1684 375 1748 hubent
387 1685 440 1767 jus
458 1685 630 1748 arbitrandi
646 1689 755 1750 eontra
773 1688 877 1766 legem
895 1689 951 1748 aut
963 1703 1112 1749 oenones.

222 1778 257 1841 Si
270 1796 346 1840 vero
360 1779 424 1840 lata
441 1779 480 1842 sit
496 1783 607 1842 contra
621 1778 673 1860 jus
687 1778 862 1859 litigatoris,
880 1781 989 1840 eontra
1002 1778 1117 1839 merita

183 1887 286 1932 osusae
313 1869 442 1948 scilieet,
463 1871 568 1932 valida
590 1871 718 1952 quidem
737 1871 777 1932 sit
800 1872 871 1933 talis
896 1870 1050 1932 sententia
1074 1870 1115 1932 ob

182 1961 460 2045 praesumptiouom
483 1981 540 2042 pro
557 1963 664 2045 judioe
687 1963 742 2043 (ita
764 1966 870 2025 tamen
888 1968 924 2025 ut
946 1962 1115 2043 appellatio

80 2053 82 2057 ’
182 2053 359 2116 remedium
380 2056 492 2116 afferre
506 2054 627 2134 possit),
643 2055 669 2116 si
684 2073 772 2116 error
782 2055 846 2136 juri
861 2055 1026 2134 litigatoris
1040 2073 1117 2118 oon-

182 2147 296 2212 trarius
310 2147 341 2208 in
357 2147 511 2211 sententis
525 2166 689 2227 expressus
712 2147 829 2210 nonsit
850 2147 920 2228 (nisi
935 2138 1055 2210 notorie
1069 2147 1116 2207 iu·

178 2241 266 2324 justo
290 2247 372 2303 esset
390 2240 568 2321 sententis),
584 2240 788 2302 nullstsmen
811 2240 852 2302 sit
875 2240 944 2320 ipso
967 2241 1068 2317 fanto,
1090 2239 1116 2301 si

183 2353 271 2400 error
292 2335 343 2396 hio
366 2333 430 2415 juri
452 2333 629 2398 ooutrerius
650 2351 816 2413 expressus
833 2334 866 2394 in
883 2331 1038 2396 sententia
1063 2333 1114 2412 sit,

183 2446 253 2508 quae
273 2427 356 2491 enim
374 2426 576 2507 presumptio
592 2444 648 2504 pro
662 2425 770 2507 jndioe
789 2429 851 2504 est,
868 2425 893 2489 si
911 2442 999 2490 orror
1012 2427 1115 2488 inoes-

162 2598 166 2605 Ι
182 2525 251 2594 tnr;
266 2521 377 2595 cessat,
391 2519 418 2580 si
427 2535 516 2580 orror
528 2518 731 2596 exprimetur.

222 2612 322 2676 Debet
331 2613 437 2672 eutem
446 2609 602 2673 sententia
608 2609 723 2691 judicis
733 2629 797 2674 non
806 2614 928 2674 tantum
938 2615 1024 2674 oerta
1033 2628 1113 2689 esso,

184 2703 442 2768 etiamsi-summa
453 2701 574 2764 ineerta
587 2701 684 2782 petita
698 2703 749 2780 sit,
762 2707 915 2785 quatenus
927 2704 1024 2766 resin
1032 2703 1115 2785 judi-

184 2797 267 2862 oium
290 2794 426 2858 doduota
443 2793 574 2874 petitur,
591 2794 647 2856 sed
665 2794 759 2858 debet
782 2796 876 2859 etiam
893 2815 1049 2877 expresse,
1065 2795 1116 2858 vel

184 2891 296 2956 saltem
326 2886 502 2951 virtualiter
533 2886 692 2950 continere
717 2888 945 2954 absolutionem
967 2894 1023 2954 out
1039 2907 1115 2952 oon·

183 2980 434 3060 domuitionem,
463 2997 526 3043 uon
554 2983 659 3044 tamon
692 2999 842 3060 onmem,
879 3000 950 3063 quae
974 2982 1115 3064 judioom

184 3076 282 3141 movit
303 3073 343 3136 ad
364 3073 592 3136 absolvendum
609 3074 660 3136 vel
679 3074 967 3152 condemnandum,
984 3075 1043 3138 nisi
1059 3094 1116 3138 ne-

184 3169 311 3234 nessitas
323 3168 471 3248 praeoopti
483 3173 605 3248 urgent,
622 3163 715 3246 prout
733 3171 825 3248 urget
844 3169 878 3230 in
898 3168 1052 3230 sententia
1063 3187 1114 3231 ox·

184 3261 484 3339 communicationis,
502 3263 556 3322 sut
575 3259 688 3322 divorsi
708 3261 851 3339 effeetus,
868 3279 946 3343 quos
961 3260 1117 3326 sonantia

183 3373 295 3439 peroro
311 3358 424 3434 potest,
438 3353 671 3434 expressionem
685 3370 787 3416 oausae
796 3353 967 3434 requirant.

222 3449 274 3513 ΙΙΙ.
300 3446 445 3522 Quomodo
463 3445 618 3509 sententio
635 3443 765 3508 ferenda
783 3445 846 3509 sit?
865 3446 969 3510 Primo
985 3445 1116 3510 ferendo
1147 3446 1149 3449 ’
