2584 4022
181 238 221 320 dd
380 269 609 320 rusrrrurrours
630 269 712 316 sums
734 269 888 318 cruorum.

182 414 250 478 bari
263 433 327 477 non
344 411 457 496 potest,
481 415 540 476 nisi
560 433 617 494 per
629 413 856 476 contessionem
871 415 1053 492 adversarii,
1071 414 1111 478 sit

183 505 398 570 admittenda?
411 514 441 569 et
463 508 620 589 quomodo
638 507 742 587 puniri
757 511 863 587 posset
876 508 921 586 is,
939 508 991 588 qui
1012 510 1109 570 eonfi-

180 605 264 664 tetur
279 601 398 664 crimen
413 601 596 680 contingens
612 599 964 682 caussmprincipalem‚
975 603 1025 662 vel
1035 601 1111 662 inci-

181 694 292 757 denter
314 695 346 756 iu
366 693 506 776 judicio?
527 693 656 755 Admitti
677 697 806 773 possunt
829 711 874 756 eae
894 693 1063 774 positiones
1091 713 1110 756 a

176 786 296 868 judice,
307 788 332 848 si
343 787 495 849 suadente
507 787 652 866 aequitste
665 785 777 847 viderit
787 787 933 866 expedire
946 807 952 848 :
966 787 1109 868 quamvis

180 880 263 940 enim
277 881 384 943 stricto
394 879 465 960 jure
478 879 555 940 illud
568 879 669 940 solum
678 879 777 957 possit
787 880 871 958 poni,
887 880 972 959 quod
981 880 1110 959 probari

178 977 291 1052 potest,
309 971 420 1052 positio
436 975 542 1035 autem
553 972 714 1050 regmine,
732 971 757 1032 si
773 988 836 1033 non
851 973 891 1034 sit
904 991 962 1052 per
975 973 1109 1051 circum-

177 1067 308 1128 stantias
320 1064 390 1141 loci,
407 1064 598 1144 ettemporis
613 1064 831 1143 determinate,
849 1065 966 1127 directe
981 1069 1109 1146 pertes-

177 1162 224 1220 tes
238 1157 366 1237 probari
382 1175 445 1219 uon
459 1156 567 1237 possit,
582 1160 616 1219 ut
628 1157 710 1217 infra
726 1157 864 1236 dicetur,
885 1162 989 1238 potest
1002 1165 1108 1220 tamen

177 1250 368 1332 quandoque
386 1249 486 1331 judex
510 1249 661 1310 suadente
676 1249 840 1330 aequitate,
857 1250 883 1311 si
904 1252 948 1313 ita
962 1249 1108 1331 expedire

176 1342 340 1421 videatur,
359 1341 528 1422 positiones
551 1343 630 1405 tales
652 1342 815 1422 negativas
836 1343 1002 1405 admittere
1024 1343 1108 1423 (eum

176 1436 267 1499 aliter
288 1456 371 1516 scope
398 1455 494 1498 cause
518 1434 657 1516 expediri
681 1435 840 1516 nequeat),
865 1437 1008 1517 quamvis
1035 1453 1108 1498 eum

179 1529 338 1607 clausula,
365 1527 478 1591 selvo
465 1547 538 1610 Jure
556 1529 840 1608 impeccantiam,
857 1531 909 1592 vel
922 1548 984 1591 non
997 1527 1108 1591 admit·

178 1623 356 1700 teudorum,
372 1621 542 1702 positiones
554 1621 631 1684 alias
646 1619 817 1684 admiserit.

219 1715 267 1779 Ad
292 1715 499 1821 posteriorem
533 1714 738 1794 quaestionem
770 1693 953 1794 responderi
986 1721 1104 1797 potest,
1179 1781 1180 1784 Ἴ
1280 1743 1281 1782 5

178 1809 262 1890 quod
286 1808 311 1870 si
334 1806 403 1888 quis
418 1806 537 1869 crimen
554 1808 737 1887 contingens
760 1826 887 1870 causam
902 1807 1107 1889 principalem

178 1901 364 1964 confiteatur
376 1901 551 1962 incidenter
566 1919 673 1962 coram
687 1919 743 1962 suo
754 1899 881 1982 judice,
907 1919 962 1964 reo
976 1901 1032 1963 tali
1043 1899 1106 1968 tale

177 1994 297 2056 crimen
310 1992 473 2056 confitenti
484 1993 603 2072 imponi
616 1993 744 2073 quidem
761 2013 824 2056 non
838 1993 937 2074 possit
947 1991 1043 2074 poena
1056 2011 1108 2056 or·

178 2085 310 2149 dinaria.
339 2086 441 2147 Possit
467 2089 573 2147 tamen
595 2085 694 2192 judex
715 2105 831 2149 novum
854 2105 1037 2194 processum
1062 2086 1107 2148 in·

178 2179 351 2262 choere,et
320 2198 403 2240 eex
418 2178 543 2240 officio
535 2179 695 2258 inquirere
706 2184 816 2242 contre
830 2180 1105 2262 criminosum,qui

178 2272 247 2336 talit
223 2277 282 2337 iter
296 2291 388 2335 suum
402 2271 520 2339 crimen
532 2272 753 2336 confessust
705 2277 763 2351 est,
790 2275 821 2336 t
790 2274 1008 2354 producere
1023 2273 1108 2354 prio-

179 2385 246 2429 rem
270 2365 498 2429 confessionem
517 2367 556 2429 de
574 2367 738 2430 commisso
759 2366 904 2446 erimine,
931 2368 972 2429 ad
994 2365 1108 2446 proba-

176 2460 294 2521 tionem
307 2460 422 2536 delicti,
439 2466 470 2522 et
485 2479 612 2538 poenam
628 2461 821 2522 ordinariam
837 2460 1043 2522 inferendam.

215 2550 267 2610 ΙΙΙ.
282 2549 327 2609 De
340 2551 487 2627 effectibus
496 2550 652 2630 judicialis
665 2553 860 2632 confessiones,
869 2556 900 2614 et
907 2553 1106 2615 revocatione

177 2640 329 2722 ejusdem.
358 2641 493 2701 Effectus
517 2641 675 2720 judicialis
700 2643 902 2706 confessionis
928 2643 1105 2722 praecipuus

178 2739 235 2810 est,
262 2731 346 2814 quod
367 2749 429 2794 non
453 2734 576 2793 tentum
598 2733 690 2812 plene
705 2733 842 2813 probet,
868 2745 939 2796 oum
961 2734 1046 2794 nulla
1067 2734 1107 2795 sit

178 2825 280 2908 major
293 2825 449 2907 probatio,
464 2843 559 2906 quam
571 2826 689 2906 proprii
698 2827 759 2890 oris
769 2827 933 2906 confessio,
949 2826 1106 2889 sedsaeiat

178 2923 272 2984 etiam
293 2923 328 2983 ut
348 2921 499 2983 confitens
525 2923 634 2981 contra
647 2939 680 2982 se
695 2919 850 2984 habeatur
873 2919 1104 3003 quodammodo

176 3035 233 3096 pro
248 3015 398 3097 judicato,
417 3014 507 3076 itaut
520 3014 593 3076 talis
611 3014 762 3077 confessio
775 3013 892 3077 haheat
905 3015 969 3076 vim
984 3019 1105 3076 senten-

178 3109 241 3186 tiae,
258 3116 289 3170 et
303 3109 347 3170 rei
360 3107 508 3190 judicatae
522 3107 754 3187 quodammodo
767 3108 888 3188 (saltem
902 3101 1049 3169 incensis
1064 3106 1105 3167 ci·
1149 3118 1151 3123 ’

177 3199 318 3281 vilibus),
335 3202 468 3281 quoad
460 3219 562 3282 ipsum
582 3202 731 3264 confitent
719 3206 793 3264 tem.
815 3200 854 3263 st
873 3199 1016 3282 quamvis
1042 3219 1105 3262 uon

179 3292 294 3354 debeat
282 3297 369 3373 tpro
389 3296 554 3357 confitente
580 3295 652 3356 telis
681 3293 834 3357 confessio
862 3294 1006 3373 admitti,
1033 3311 1105 3356 cum

179 3405 271 3450 nemo
281 3381 314 3457 in
326 3388 454 3467 propria
467 3405 563 3449 causa
576 3388 663 3450 testis
672 3407 739 3450 esse
751 3390 859 3468 possit,
873 3394 928 3450 eut
939 3389 958 3450 f
962 3389 1033 3452 dem
1041 3387 1105 3469 ple

123 3492 124 3495 ’
179 3496 253 3543 nom
267 3477 361 3541 faciat
348 3482 380 3560 t,
405 3480 478 3562 quis
491 3485 596 3545 temen
611 3489 721 3550 contra
744 3501 776 3546 se
792 3500 883 3547 neme
905 3480 1106 3565 praesumit-ur
