2578 4012
190 292 250 352 200
400 305 733 354 1usr1rurrounsrua1s
754 301 909 350 canonlcl.

586 452 711 494 Corollaria.

228 555 314 616 Sicut
328 574 389 617 non
411 557 583 618 amiserunt
600 557 655 618 filii
674 560 835 632 naturam,
851 556 897 616 sic
915 573 973 615 nec
988 561 1120 633 possunt

187 651 331 708 excutere
355 648 464 710 matris
479 649 646 730 imperium
662 671 669 723 ;
687 651 855 730 propterea
870 647 923 727 jus
942 647 1040 709 habet
1058 647 1119 707 Ec-

187 741 282 801 clesia
305 745 339 801 nt
360 742 423 801 suis
439 742 560 820 legibus
578 743 736 818 obediant,
753 741 826 802 licet
840 739 1002 801 charitatis
1022 757 1119 800 causa

187 833 286 894 soleat
304 832 494 913 quandoque
515 853 587 895 oum
602 835 639 896 iis
653 841 829 913 temperare
845 833 885 893 ab
904 832 1047 912 imperio,
1066 831 1118 892 vel

100 987 111 998 p
186 924 366 1003 dispensare
381 943 419 986 ne
432 945 470 987 ex
484 930 625 988 materno
640 927 771 1005 imperio
782 925 906 1006 pejores
915 926 1003 985 fiant.

540 1070 695 1132 Theorema
716 1073 753 1132 ll.

225 1217 276 1277 lll.
300 1215 435 1276 Ecclesia
460 1234 489 1276 se
510 1215 595 1276 labet
613 1215 654 1276 ad
666 1224 756 1277 sectas
777 1215 940 1298 infidelium
964 1214 1052 1274 sicuti
1077 1215 1120 1275 ad

184 1315 283 1388 peotes
291 1327 362 1389 quos
381 1308 574 1390 impropriam
587 1309 751 1370 societatem
765 1328 912 1390 nonquam
925 1307 1034 1387 recepit
1043 1324 1056 1382 ,·
1065 1307 1118 1368 sed

184 1400 397 1482 droinojarez'n
410 1400 719 1482 eaminpredidebent.
819 1454 825 1464 ,

580 1537 704 1578 corollaria.

222 1641 252 1698 l⁰
274 1640 355 1718 Ergo
370 1639 508 1699 Ecclesia
522 1639 574 1718 jus
589 1638 684 1700 habet
705 1640 745 1700 ad
763 1638 998 1718 praedicandum
1014 1638 1113 1717 genti·

180 1731 239 1790 hus
253 1731 450 1810 evangelium
462 1731 586 1808 Christi,
604 1736 634 1792 et
651 1731 788 1793 officium
804 1730 980 1811 extirpandi
999 1747 1113 1809 pravas

180 1823 320 1902 ipsarum
340 1823 585 1902 superstitiones,
605 1829 637 1886 ct
651 1825 792 1901 curandi,
810 1843 874 1904 qua
891 1824 1022 1903 poterit,
1044 1822 1113 1883 illa-

179 1934 250 1977 rum
263 1917 514 1991 conversionem
529 1917 635 1996 illique
650 1917 764 1998 injuria
784 1916 911 1978 omnino
929 1933 997 1976 sese
1013 1932 1112 1995 oppo-

182 2012 261 2070 nunt
272 2012 380 2087 gentes
396 2029 465 2088 quae
476 2010 548 2089 jure
562 2011 666 2071 divino
686 2010 866 2089 obligantur
887 2009 927 2070 ad
949 2007 1112 2070 revelatio-

182 2119 254 2160 nem
271 2101 502 2180 inquirendam,
517 2102 766 2181 expendendam,
781 2101 1045 2180 amplectendam.

221 2197 252 2253 20
273 2195 390 2256 Verum
409 2215 480 2256 cum
501 2199 610 2274 gentes
627 2191 667 2254 ad
683 2195 856 2256 Ecclesiam
873 2213 930 2254 nec
954 2192 1110 2272 pertinue-

180 2285 253 2362 rint,
268 2305 325 2350 nec
335 2285 493 2367 pertinent
505 2288 642 2364 omnino,
657 2287 776 2347 nullam
788 2305 883 2366 super
904 2304 957 2351 aas
972 2333 980 2362 ,
1004 2284 1110 2365 quoad

179 2379 298 2439 suntin
314 2379 506 2457 infidelitate,
526 2380 665 2441 Ecclesia
686 2379 937 2460 jurisdictionem
960 2379 1106 2454 exercet,

178 2487 237 2530 neo
250 2487 394 2531 exercere
409 2475 522 2551 potest.

488 2594 709 2700 ‘urnuuus
734 2629 780 2698 11.

427 2800 646 2853 RELATIONES
669 2801 715 2851 DE
739 2801 862 2858 FAOTO.

215 2941 238 3002 1.
264 2938 440 3002 Relationes
453 2939 491 3000 de
510 2940 591 3002 lacto
602 2941 693 3002 valde
708 2941 855 3002 differunt
866 2959 886 3001 a
899 2939 1103 3002 relationibus

174 3032 304 3113 dejure.
320 3034 399 3094 Nam
410 3032 537 3112 ubique,
555 3032 626 3114 jure
640 3033 792 3113 inspecto,
811 3052 873 3095 una
891 3031 1029 3094 Ecclesia
1052 3050 1102 3093 ca·

173 3125 288 3187 tholica
306 3125 401 3187 habet
410 3125 578 3206 juridicam
601 3126 821 3201 existentiam,
839 3129 870 3187 et
883 3126 949 3186 sola
971 3125 1102 3186 deberet

173 3218 487 3283 omnibusaliissectis
499 3219 651 3297 religiosis
662 3217 831 3292 dominari;
845 3219 883 3278 de
895 3218 978 3278 facto
994 3220 1099 3278 autem

173 3307 287 3371 alieubi
300 3310 440 3372 Ecclesia
449 3311 613 3387 catholica,
626 3311 730 3390 quoad
746 3327 835 3370 suam
841 3309 1010 3391 juridicam
1021 3309 1099 3370 exis·
1271 3350 1272 3387 ,

173 3401 314 3477 tentiam,
333 3403 365 3463 in
377 3421 474 3482 reguo
487 3404 579 3465 sectis
596 3402 777 3464 acatholicis
788 3402 1009 3483 aequiparatur,
1024 3401 1097 3464 alibi

172 3509 246 3553 vero
264 3494 357 3554 sectae
372 3495 552 3556 acatholica
562 3493 783 3572 dominantur,
798 3494 919 3574 illisque
935 3495 1008 3555 solis
1018 3493 1096 3574 juri·
1268 3469 1271 3592 l
