2578 4012
185 213 246 276 250
396 223 626 273 lusrlrurlouus
646 227 729 273 touls
752 226 907 274 ctuoulcl.

186 387 295 433 curam
324 368 501 430 animarum
528 369 648 448 possint
686 367 821 430 invicem
845 387 878 430 se
907 367 1129 430 substituere?

187 467 280 543 Resp.
300 461 411 524 eadem
425 463 521 540 Goug.
530 461 686 540 negative,
697 460 722 522 si
737 461 770 522 id
779 463 834 522 fiat
848 460 915 521 siue
929 458 1058 522 licentia
1068 479 1125 521 or-

188 555 302 618 dinarii
312 555 342 634 (8
356 553 417 615 feb.
436 553 535 632 ΠΗ).

226 652 258 710 6⁰
270 649 409 720 Quatucr
419 646 669 726 causaesuperius
678 649 868 708 enumerata
883 646 989 726 quoad
1000 645 1125 725 episco-

187 759 273 821 pum,
291 739 385 801 etism
398 741 546 800 excusant
557 739 757 817 parocbuma
769 739 924 802 servanda
934 737 1120 800 residentia.

187 833 277 896 Unde
292 831 333 894 ob
347 831 537 892 christianam
547 829 732 906 charitatem,
748 840 898 912 torpentem
908 831 1122 908 necessitatem,

187 928 260 1000 cto.‚
271 930 373 1004 potest
387 925 542 1003 parochus
556 924 666 985 abesse
678 925 760 985 ultra
775 924 853 986 duos
867 943 1002 1000 menses,
1020 923 1123 1002 petita

187 1021 306 1093 tamen,
322 1017 348 1078 si
361 1016 428 1077 fieri
450 1021 562 1096 potest,
585 1017 713 1078 licentia
728 1017 769 1078 ab
785 1018 943 1097 episcopo.
970 1019 1017 1078 lta
1034 1034 1123 1078 com-

187 1109 323 1170 muniter
341 1113 494 1170 auctores.
519 1110 550 1171 Si
575 1111 709 1188 fingeret
725 1127 853 1170 causam
868 1109 1008 1190 justam,
1023 1127 1121 1188 quam

188 1220 251 1265 uon
266 1201 407 1278 baberet,
422 1209 568 1280 peccaret
579 1201 765 1277 mortaliter,
780 1207 811 1262 et
824 1204 985 1262 teneretur
1000 1201 1040 1262 ad
1052 1219 1124 1261 res-

187 1295 367 1357 titutionem
381 1294 541 1356 fructuum
555 1295 587 1354 in
602 1293 656 1355 tali
672 1293 815 1354 absentia
824 1297 1055 1373 perceptorum.

227 1391 258 1446 7⁰
273 1386 336 1448 Sed
356 1387 512 1464 parochus
533 1386 617 1467 justa
641 1387 680 1447 de
705 1391 811 1448 causa
828 1386 965 1462 absens,
993 1403 1120 1462 semper

187 1484 312 1540 tenetur
338 1478 514 1558 relinquere
535 1479 683 1541 idoneum
697 1478 851 1540 vicarium
864 1478 897 1538 in
917 1495 976 1539 sua
991 1476 1120 1538 dioecesi

190 1570 399 1651 approbatum
436 1589 492 1650 pro
526 1570 795 1632 administratione
834 1573 1118 1632 sacramentorum.

190 1664 295 1743 (Gonc.
309 1662 408 1738 Trid.‚
421 1681 446 1722 a.
463 1665 513 1740 23,
526 1661 561 1724 dc
574 1662 658 1742 Res.)

228 1756 263 1816 In
278 1751 373 1816 dubio
391 1774 398 1816 :
416 1757 522 1816 utrum
539 1755 705 1816 infirmitas
726 1758 889 1816 excusaret
906 1755 1079 1834 parochum
1104 1773 1123 1814 a

189 1845 454 1910 residentiailiuo
463 1865 553 1910 casus
561 1851 633 1910 suut
641 1847 867 1926 distinguendi:
871 1847 988 1928 primos
998 1851 1122 1909 osteum

188 1939 343 2022 parochus
358 1944 447 2002 extra
457 1942 563 2002 locum
576 1941 723 2002 beneficii
736 1940 768 2002 in
785 1941 932 2002 morbum
950 1941 1072 2016 incidit,
1092 1943 1124 2001 et

189 2038 264 2096 tuuc
278 2033 439 2095 evidenter
451 2052 514 2096 uon
531 2037 655 2096 tenetur
679 2033 719 2094 ad
737 2033 959 2107 residentiam
982 2031 1124 2094 sccundus

191 2145 280 2188 casus
296 2129 429 2188 estcum
441 2127 597 2206 parochus
610 2125 782 2205 aegrotatio
802 2125 871 2188 loco
884 2125 1074 2201 residentiae,
1090 2129 1124 2186 et

189 2223 264 2280 tuuc
289 2221 320 2281 S.
343 2221 376 2281 C.
401 2221 435 2282 G.
456 2218 628 2280 declaravit
651 2217 865 2280 infirmitatem
889 2236 950 2280 uon
972 2235 1123 2278 excusare

191 2331 211 2372 a
224 2311 404 2390 residentia,
434 2311 493 2372 nisi
510 2312 622 2374 saltem
645 2311 677 2372 in
699 2311 768 2372 loco
792 2311 968 2372 residentia
992 2329 1055 2372 non
1082 2310 1124 2373 sit

191 2400 281 2484 copia
293 2404 488 2466 medicorum
503 2410 534 2464 et
559 2421 666 2464 rerum
686 2403 933 2465 necessariarum
950 2423 957 2463 :
974 2409 1050 2464 tunc
1068 2421 1124 2480 po-

190 2500 252 2558 test
265 2497 305 2557 ab
324 2495 488 2558 Ordinario
502 2496 571 2556 dari
590 2495 716 2557 licentia
730 2495 894 2556 deserendi
912 2495 1097 2573 parochiam
1112 2515 1121 2568 ;

190 2588 246 2648 sed
261 2587 286 2646 si
299 2588 482 2648 abscederet
495 2588 563 2648 siue
582 2588 708 2650 lieentia
721 2587 869 2666 episcopi,
885 2587 968 2648 bona
988 2587 1049 2647 fide
1064 2605 1125 2665 pu-

191 2683 260 2742 tans
286 2677 428 2740 sufficere
454 2679 644 2742 evidentiam
669 2696 791 2757 causa,
824 2698 887 2741 non
907 2683 1120 2740 excusaretur.

193 2773 237 2853 (S.
248 2775 345 2852 (long.
358 2791 399 2848 c.,
413 2773 498 2851 apud
510 2772 720 2852 Fagnanum.)
808 2827 810 2833 .

231 2865 471 2928 Ultrabimestre
486 2866 651 2944 episcopus
663 2863 836 2944 nontpotcst
847 2865 1020 2927 concedere
1027 2865 1122 2925 liceu-

192 2958 278 3034 tiam,
287 2957 345 3018 uisi
358 2957 397 3018 ob
412 2958 549 3038 aliquam
557 2975 688 3038 gravem
701 2975 840 3020 causam.
857 2959 1020 3038 (Auctores
1034 2975 1122 3018 com-

192 3051 329 3113 muniter
338 3069 376 3110 ex
389 3069 477 3112 conc.
490 3050 590 3128 Trid,
603 3067 628 3112 s.
641 3053 691 3126 23,
707 3050 742 3112 dc
751 3051 835 3132 Res„
851 3069 878 3112 c.
893 3051 935 3130 1.)

231 3145 268 3205 ΙΙ.
286 3141 500 3205 Procedentio.
523 3145 553 3202 1ο
568 3143 715 3206 canonici
734 3142 959 3221 etpresbyteri
983 3141 1120 3204 ecclesiae

192 3235 382 3298 cathedralis
397 3235 513 3298 debent
531 3235 710 3314 precedere
731 3234 875 3296 omnibus
895 3235 1010 3296 curatis
1029 3251 1121 3314 paro-

193 3325 342 3388 chialium
363 3328 566 3390 ecclesiarum
589 3328 621 3390 in
644 3327 788 3390 omnibus
813 3326 1063 3404 processionibus
1091 3329 1122 3387 et

193 3416 404 3480 trachonibus
415 3419 460 3496 (S.
479 3422 577 3496 Gorg.
595 3419 656 3480 uit.
669 3417 882 3496 taupittdd),
900 3417 995 3478 etiam
1007 3419 1122 3497 inpro-
