<?xml version="1.0" encoding="UTF-8"?>
<!DOCTYPE html PUBLIC "-//W3C//DTD XHTML 1.0 Transitional//EN"
    "http://www.w3.org/TR/xhtml1/DTD/xhtml1-transitional.dtd">
<html xmlns="http://www.w3.org/1999/xhtml" xml:lang="en" lang="en">
 <head>
  <title>
</title>
<meta http-equiv="Content-Type" content="text/html;charset=utf-8" />
  <meta name='ocr-system' content='tesseract 3.04.00' />
  <meta name='ocr-capabilities' content='ocr_page ocr_carea ocr_par ocr_line ocrx_word'/>
</head>
<body>
  <div class='ocr_page' id='page_1' title='image "./institutionesju01marigoog_0085.png"; bbox 0 0 2584 4022; ppageno 0'>
   <div class='ocr_carea' id='block_1_1' title="bbox 172 304 904 367">
    <p class='ocr_par' dir='ltr' id='par_1_1' title="bbox 172 304 904 367">
     <span class='ocr_line' id='line_1_1' title="bbox 172 304 904 367; baseline -0.001 -2"><span class='ocrx_word' id='word_1_1' title='bbox 172 304 211 367; x_wconf 73' lang='lat'><strong>78</strong></span> <span class='ocrx_word' id='word_1_2' title='bbox 393 317 624 365; x_wconf 73' lang='lat' dir='ltr'><strong>lnsrlrurlmlus</strong></span> <span class='ocrx_word' id='word_1_3' title='bbox 645 317 728 366; x_wconf 76' lang='lat' dir='ltr'><strong>lonis</strong></span> <span class='ocrx_word' id='word_1_4' title='bbox 750 317 904 365; x_wconf 70' lang='lat' dir='ltr'><strong>canotum.</strong></span> 
     </span>
    </p>
   </div>
   <div class='ocr_carea' id='block_1_2' title="bbox 168 459 1105 3611">
    <p class='ocr_par' dir='ltr' id='par_1_2' title="bbox 171 459 1105 1191">
     <span class='ocr_line' id='line_1_2' title="bbox 172 459 1105 540; baseline 0.003 -16"><span class='ocrx_word' id='word_1_5' title='bbox 172 459 358 540; x_wconf 73' lang='lat' dir='ltr'><strong>admittitur,</strong></span> <span class='ocrx_word' id='word_1_6' title='bbox 376 462 417 523; x_wconf 90' lang='lat' dir='ltr'><strong>ob</strong></span> <span class='ocrx_word' id='word_1_7' title='bbox 439 462 615 524; x_wconf 74' lang='lat' dir='ltr'><strong>naturalem</strong></span> <span class='ocrx_word' id='word_1_8' title='bbox 638 463 704 524; x_wconf 78' lang='lat' dir='ltr'><strong>scil,</strong></span> <span class='ocrx_word' id='word_1_9' title='bbox 725 463 893 526; x_wconf 84' lang='lat' dir='ltr'><strong>mulierum</strong></span> <span class='ocrx_word' id='word_1_10' title='bbox 913 463 1105 528; x_wconf 83' lang='lat' dir='ltr'><strong>mutabilita-</strong></span> 
     </span>
     <span class='ocr_line' id='line_1_3' title="bbox 171 555 1104 635; baseline 0.001 -16"><span class='ocrx_word' id='word_1_11' title='bbox 171 561 246 631; x_wconf 90' lang='lat' dir='ltr'><strong>tem,</strong></span> <span class='ocrx_word' id='word_1_12' title='bbox 263 557 294 618; x_wconf 88' lang='lat' dir='ltr'><strong>ct</strong></span> <span class='ocrx_word' id='word_1_13' title='bbox 304 555 518 635; x_wconf 82' lang='lat' dir='ltr'><strong>fragilitatem,</strong></span> <span class='ocrx_word' id='word_1_14' title='bbox 529 573 566 617; x_wconf 87' lang='lat' dir='ltr'><strong>ae</strong></span> <span class='ocrx_word' id='word_1_15' title='bbox 581 555 834 634; x_wconf 89' lang='lat' dir='ltr'><strong>inconstantiam,</strong></span> <span class='ocrx_word' id='word_1_16' title='bbox 847 557 906 618; x_wconf 92' lang='lat' dir='ltr'><strong>nisi</strong></span> <span class='ocrx_word' id='word_1_17' title='bbox 920 557 959 618; x_wconf 88' lang='lat' dir='ltr'><strong>de</strong></span> <span class='ocrx_word' id='word_1_18' title='bbox 975 558 1104 620; x_wconf 87' lang='lat' dir='ltr'><strong>crimine</strong></span> 
     </span>
     <span class='ocr_line' id='line_1_4' title="bbox 172 649 1104 730; baseline 0.003 -18"><span class='ocrx_word' id='word_1_19' title='bbox 172 649 303 712; x_wconf 84' lang='lat' dir='ltr'><strong>civiliter</strong></span> <span class='ocrx_word' id='word_1_20' title='bbox 315 652 438 711; x_wconf 87' lang='lat' dir='ltr'><strong>tantum</strong></span> <span class='ocrx_word' id='word_1_21' title='bbox 451 654 565 729; x_wconf 79' lang='lat' dir='ltr'><strong>agatur</strong></span> <span class='ocrx_word' id='word_1_22' title='bbox 576 667 633 730; x_wconf 89' lang='lat' dir='ltr'><strong>per</strong></span> <span class='ocrx_word' id='word_1_23' title='bbox 641 649 772 711; x_wconf 90' lang='lat' dir='ltr'><strong>modum</strong></span> <span class='ocrx_word' id='word_1_24' title='bbox 783 650 985 729; x_wconf 78' lang='lat' dir='ltr'><strong>exceptionis,</strong></span> <span class='ocrx_word' id='word_1_25' title='bbox 998 651 1104 714; x_wconf 84' lang='lat' dir='ltr'><strong>autad</strong></span> 
     </span>
     <span class='ocr_line' id='line_1_5' title="bbox 171 741 1102 823; baseline 0.003 -20"><span class='ocrx_word' id='word_1_26' title='bbox 171 742 405 823; x_wconf 87' lang='lat' dir='ltr'><strong>procedendum</strong></span> <span class='ocrx_word' id='word_1_27' title='bbox 423 761 461 802; x_wconf 87' lang='lat' dir='ltr'><strong>ex</strong></span> <span class='ocrx_word' id='word_1_28' title='bbox 481 743 583 804; x_wconf 87' lang='lat' dir='ltr'><strong>afficio</strong></span> <span class='ocrx_word' id='word_1_29' title='bbox 607 761 663 821; x_wconf 91' lang='lat' dir='ltr'><strong>per</strong></span> <span class='ocrx_word' id='word_1_30' title='bbox 684 741 814 804; x_wconf 90' lang='lat' dir='ltr'><strong>modum</strong></span> <span class='ocrx_word' id='word_1_31' title='bbox 836 743 1102 822; x_wconf 85' lang='lat' dir='ltr'><strong>denuntiationis,</strong></span> 
     </span>
     <span class='ocr_line' id='line_1_6' title="bbox 172 835 1104 916; baseline 0.002 -19"><span class='ocrx_word' id='word_1_32' title='bbox 172 843 226 897; x_wconf 90' lang='lat' dir='ltr'><strong>aut</strong></span> <span class='ocrx_word' id='word_1_33' title='bbox 239 835 459 915; x_wconf 87' lang='lat' dir='ltr'><strong>inquisitionis,</strong></span> <span class='ocrx_word' id='word_1_34' title='bbox 476 838 530 897; x_wconf 83' lang='lat' dir='ltr'><strong>aut</strong></span> <span class='ocrx_word' id='word_1_35' title='bbox 545 835 570 896; x_wconf 92' lang='lat' dir='ltr'><strong>si</strong></span> <span class='ocrx_word' id='word_1_36' title='bbox 586 835 791 897; x_wconf 78' lang='lat' dir='ltr'><strong>criminaliter</strong></span> <span class='ocrx_word' id='word_1_37' title='bbox 809 840 938 916; x_wconf 83' lang='lat' dir='ltr'><strong>agatur,</strong></span> <span class='ocrx_word' id='word_1_38' title='bbox 957 838 983 898; x_wconf 92' lang='lat' dir='ltr'><strong>si</strong></span> <span class='ocrx_word' id='word_1_39' title='bbox 997 841 1104 899; x_wconf 86' lang='lat' dir='ltr'><strong>tamen</strong></span> 
     </span>
     <span class='ocr_line' id='line_1_7' title="bbox 172 928 1104 1007; baseline 0.002 -17"><span class='ocrx_word' id='word_1_40' title='bbox 172 928 210 990; x_wconf 87' lang='lat' dir='ltr'><strong>dc</strong></span> <span class='ocrx_word' id='word_1_41' title='bbox 221 929 349 990; x_wconf 89' lang='lat' dir='ltr'><strong>crimina</strong></span> <span class='ocrx_word' id='word_1_42' title='bbox 364 932 505 1006; x_wconf 87' lang='lat' dir='ltr'><strong>excepto,</strong></span> <span class='ocrx_word' id='word_1_43' title='bbox 522 932 648 990; x_wconf 84' lang='lat' dir='ltr'><strong>autnon</strong></span> <span class='ocrx_word' id='word_1_44' title='bbox 662 929 761 1007; x_wconf 88' lang='lat' dir='ltr'><strong>possit</strong></span> <span class='ocrx_word' id='word_1_45' title='bbox 780 929 906 990; x_wconf 86' lang='lat' dir='ltr'><strong>aliunde</strong></span> <span class='ocrx_word' id='word_1_46' title='bbox 926 929 1035 992; x_wconf 89' lang='lat' dir='ltr'><strong>haberi</strong></span> <span class='ocrx_word' id='word_1_47' title='bbox 1052 949 1104 992; x_wconf 78' lang='lat' dir='ltr'><strong>ve·</strong></span> 
     </span>
     <span class='ocr_line' id='line_1_8' title="bbox 171 1021 1104 1098; baseline 0.002 -16"><span class='ocrx_word' id='word_1_48' title='bbox 171 1021 257 1098; x_wconf 90' lang='lat' dir='ltr'><strong>ritas,</strong></span> <span class='ocrx_word' id='word_1_49' title='bbox 269 1021 319 1082; x_wconf 87' lang='lat' dir='ltr'><strong>val</strong></span> <span class='ocrx_word' id='word_1_50' title='bbox 330 1023 464 1083; x_wconf 87' lang='lat' dir='ltr'><strong>testetur</strong></span> <span class='ocrx_word' id='word_1_51' title='bbox 474 1024 597 1082; x_wconf 85' lang='lat' dir='ltr'><strong>tantum</strong></span> <span class='ocrx_word' id='word_1_52' title='bbox 607 1021 648 1082; x_wconf 92' lang='lat' dir='ltr'><strong>ad</strong></span> <span class='ocrx_word' id='word_1_53' title='bbox 658 1021 869 1083; x_wconf 86' lang='lat' dir='ltr'><strong>innocentiam</strong></span> <span class='ocrx_word' id='word_1_54' title='bbox 880 1021 925 1083; x_wconf 90' lang='lat' dir='ltr'><strong>rei</strong></span> <span class='ocrx_word' id='word_1_55' title='bbox 938 1023 1104 1084; x_wconf 86' lang='lat' dir='ltr'><strong>ostenden-</strong></span> 
     </span>
     <span class='ocr_line' id='line_1_9' title="bbox 171 1115 329 1191; baseline 0.006 -16"><span class='ocrx_word' id='word_1_56' title='bbox 171 1115 256 1191; x_wconf 86' lang='lat' dir='ltr'><strong>dam,</strong></span> <span class='ocrx_word' id='word_1_57' title='bbox 270 1118 329 1176; x_wconf 87' lang='lat' dir='ltr'><strong>etc.</strong></span> 
     </span>
    </p>

    <p class='ocr_par' dir='ltr' id='par_1_3' title="bbox 170 1206 1105 1846">
     <span class='ocr_line' id='line_1_10' title="bbox 212 1206 1103 1288; baseline 0 -18"><span class='ocrx_word' id='word_1_58' title='bbox 212 1208 367 1285; x_wconf 86' lang='lat' dir='ltr'><strong>Secundo,</strong></span> <span class='ocrx_word' id='word_1_59' title='bbox 377 1206 503 1288; x_wconf 79' lang='lat' dir='ltr'><strong>puberes</strong></span> <span class='ocrx_word' id='word_1_60' title='bbox 514 1227 569 1269; x_wconf 90' lang='lat' dir='ltr'><strong>seu</strong></span> <span class='ocrx_word' id='word_1_61' title='bbox 583 1207 783 1269; x_wconf 89' lang='lat' dir='ltr'><strong>minorennes</strong></span> <span class='ocrx_word' id='word_1_62' title='bbox 799 1209 829 1268; x_wconf 92' lang='lat' dir='ltr'><strong>in</strong></span> <span class='ocrx_word' id='word_1_63' title='bbox 846 1209 948 1270; x_wconf 87' lang='lat' dir='ltr'><strong>causis</strong></span> <span class='ocrx_word' id='word_1_64' title='bbox 961 1209 1103 1272; x_wconf 87' lang='lat' dir='ltr'><strong>civilibus</strong></span> 
     </span>
     <span class='ocr_line' id='line_1_11' title="bbox 170 1301 1102 1382; baseline 0 -20"><span class='ocrx_word' id='word_1_65' title='bbox 170 1305 265 1363; x_wconf 88' lang='lat' dir='ltr'><strong>testes</strong></span> <span class='ocrx_word' id='word_1_66' title='bbox 278 1319 345 1362; x_wconf 90' lang='lat' dir='ltr'><strong>esse</strong></span> <span class='ocrx_word' id='word_1_67' title='bbox 355 1304 495 1379; x_wconf 89' lang='lat' dir='ltr'><strong>possunt,</strong></span> <span class='ocrx_word' id='word_1_68' title='bbox 503 1305 713 1382; x_wconf 82' lang='lat' dir='ltr'><strong>praeterquam</strong></span> <span class='ocrx_word' id='word_1_69' title='bbox 722 1301 748 1362; x_wconf 91' lang='lat' dir='ltr'><strong>si</strong></span> <span class='ocrx_word' id='word_1_70' title='bbox 758 1301 818 1362; x_wconf 85' lang='lat' dir='ltr'><strong>illae</strong></span> <span class='ocrx_word' id='word_1_71' title='bbox 831 1302 938 1363; x_wconf 83' lang='lat' dir='ltr'><strong>arduae</strong></span> <span class='ocrx_word' id='word_1_72' title='bbox 948 1302 1025 1377; x_wconf 80' lang='lat' dir='ltr'><strong>sint3</strong></span> <span class='ocrx_word' id='word_1_73' title='bbox 1040 1319 1102 1363; x_wconf 88' lang='lat' dir='ltr'><strong>non</strong></span> 
     </span>
     <span class='ocr_line' id='line_1_12' title="bbox 170 1393 1100 1474; baseline -0.002 -16"><span class='ocrx_word' id='word_1_74' title='bbox 170 1399 276 1458; x_wconf 87' lang='lat' dir='ltr'><strong>tamen</strong></span> <span class='ocrx_word' id='word_1_75' title='bbox 291 1395 322 1454; x_wconf 94' lang='lat' dir='ltr'><strong>in</strong></span> <span class='ocrx_word' id='word_1_76' title='bbox 338 1393 562 1473; x_wconf 89' lang='lat' dir='ltr'><strong>criminalibus,</strong></span> <span class='ocrx_word' id='word_1_77' title='bbox 573 1395 632 1456; x_wconf 90' lang='lat' dir='ltr'><strong>nisi</strong></span> <span class='ocrx_word' id='word_1_78' title='bbox 644 1399 756 1474; x_wconf 80' lang='lat' dir='ltr'><strong>agatur</strong></span> <span class='ocrx_word' id='word_1_79' title='bbox 768 1394 808 1455; x_wconf 88' lang='lat' dir='ltr'><strong>de</strong></span> <span class='ocrx_word' id='word_1_80' title='bbox 818 1394 948 1456; x_wconf 88' lang='lat' dir='ltr'><strong>crimine</strong></span> <span class='ocrx_word' id='word_1_81' title='bbox 959 1397 1100 1474; x_wconf 86' lang='lat' dir='ltr'><strong>excepto,</strong></span> 
     </span>
     <span class='ocr_line' id='line_1_13' title="bbox 171 1487 1104 1567; baseline -0.001 -18"><span class='ocrx_word' id='word_1_82' title='bbox 171 1487 349 1549; x_wconf 87' lang='lat' dir='ltr'><strong>autveritas</strong></span> <span class='ocrx_word' id='word_1_83' title='bbox 365 1487 492 1548; x_wconf 88' lang='lat' dir='ltr'><strong>aliunde</strong></span> <span class='ocrx_word' id='word_1_84' title='bbox 505 1487 616 1548; x_wconf 88' lang='lat' dir='ltr'><strong>haberi</strong></span> <span class='ocrx_word' id='word_1_85' title='bbox 632 1507 695 1550; x_wconf 91' lang='lat' dir='ltr'><strong>non</strong></span> <span class='ocrx_word' id='word_1_86' title='bbox 710 1487 826 1567; x_wconf 87' lang='lat' dir='ltr'><strong>possit,</strong></span> <span class='ocrx_word' id='word_1_87' title='bbox 843 1491 898 1548; x_wconf 91' lang='lat' dir='ltr'><strong>aut</strong></span> <span class='ocrx_word' id='word_1_88' title='bbox 914 1487 1104 1566; x_wconf 87' lang='lat' dir='ltr'><strong>procedatur</strong></span> 
     </span>
     <span class='ocr_line' id='line_1_14' title="bbox 171 1579 1105 1661; baseline -0.003 -19"><span class='ocrx_word' id='word_1_89' title='bbox 171 1584 293 1642; x_wconf 85' lang='lat' dir='ltr'><strong>tantum</strong></span> <span class='ocrx_word' id='word_1_90' title='bbox 303 1599 361 1658; x_wconf 89' lang='lat' dir='ltr'><strong>per</strong></span> <span class='ocrx_word' id='word_1_91' title='bbox 370 1579 605 1661; x_wconf 87' lang='lat' dir='ltr'><strong>inquisitionem</strong></span> <span class='ocrx_word' id='word_1_92' title='bbox 616 1600 623 1652; x_wconf 89' lang='lat'>;</span> <span class='ocrx_word' id='word_1_93' title='bbox 636 1598 737 1660; x_wconf 87' lang='lat' dir='ltr'><strong>nequa</strong></span> <span class='ocrx_word' id='word_1_94' title='bbox 747 1579 893 1643; x_wconf 86' lang='lat' dir='ltr'><strong>tamenin</strong></span> <span class='ocrx_word' id='word_1_95' title='bbox 903 1579 1017 1642; x_wconf 89' lang='lat' dir='ltr'><strong>talibus</strong></span> <span class='ocrx_word' id='word_1_96' title='bbox 1029 1579 1105 1640; x_wconf 89' lang='lat' dir='ltr'><strong>casi-</strong></span> 
     </span>
     <span class='ocr_line' id='line_1_15' title="bbox 170 1672 1104 1752; baseline -0.003 -17"><span class='ocrx_word' id='word_1_97' title='bbox 170 1674 230 1735; x_wconf 90' lang='lat' dir='ltr'><strong>bus</strong></span> <span class='ocrx_word' id='word_1_98' title='bbox 243 1673 370 1733; x_wconf 90' lang='lat' dir='ltr'><strong>admissi</strong></span> <span class='ocrx_word' id='word_1_99' title='bbox 382 1673 508 1752; x_wconf 89' lang='lat' dir='ltr'><strong>plenam</strong></span> <span class='ocrx_word' id='word_1_100' title='bbox 516 1673 735 1752; x_wconf 88' lang='lat' dir='ltr'><strong>probationem</strong></span> <span class='ocrx_word' id='word_1_101' title='bbox 744 1672 872 1750; x_wconf 87' lang='lat' dir='ltr'><strong>faciunt,</strong></span> <span class='ocrx_word' id='word_1_102' title='bbox 886 1672 1104 1752; x_wconf 82' lang='lat' dir='ltr'><strong>obpraesump·</strong></span> 
     </span>
     <span class='ocr_line' id='line_1_16' title="bbox 171 1763 789 1846; baseline -0.003 -17"><span class='ocrx_word' id='word_1_103' title='bbox 171 1766 289 1829; x_wconf 87' lang='lat' dir='ltr'><strong>tionem</strong></span> <span class='ocrx_word' id='word_1_104' title='bbox 299 1763 411 1846; x_wconf 87' lang='lat' dir='ltr'><strong>judicii</strong></span> <span class='ocrx_word' id='word_1_105' title='bbox 425 1764 566 1826; x_wconf 91' lang='lat' dir='ltr'><strong>nondum</strong></span> <span class='ocrx_word' id='word_1_106' title='bbox 577 1766 652 1826; x_wconf 89' lang='lat' dir='ltr'><strong>satis</strong></span> <span class='ocrx_word' id='word_1_107' title='bbox 663 1766 789 1827; x_wconf 91' lang='lat' dir='ltr'><strong>maturi.</strong></span> 
     </span>
    </p>

    <p class='ocr_par' dir='ltr' id='par_1_4' title="bbox 168 1857 1105 3422">
     <span class='ocr_line' id='line_1_17' title="bbox 211 1857 1103 1939; baseline -0.002 -18"><span class='ocrx_word' id='word_1_108' title='bbox 211 1858 327 1935; x_wconf 80' lang='lat' dir='ltr'><strong>Tertio,</strong></span> <span class='ocrx_word' id='word_1_109' title='bbox 344 1875 485 1936; x_wconf 78' lang='lat' dir='ltr'><strong>persona</strong></span> <span class='ocrx_word' id='word_1_110' title='bbox 497 1877 641 1939; x_wconf 80' lang='lat' dir='ltr'><strong>pauperes</strong></span> <span class='ocrx_word' id='word_1_111' title='bbox 659 1863 690 1920; x_wconf 88' lang='lat' dir='ltr'><strong>et</strong></span> <span class='ocrx_word' id='word_1_112' title='bbox 706 1859 775 1919; x_wconf 85' lang='lat' dir='ltr'><strong>vilis</strong></span> <span class='ocrx_word' id='word_1_113' title='bbox 791 1857 977 1920; x_wconf 87' lang='lat' dir='ltr'><strong>conditionis</strong></span> <span class='ocrx_word' id='word_1_114' title='bbox 989 1857 1103 1919; x_wconf 71' lang='lat' dir='ltr'><strong>admit</strong></span> 
     </span>
     <span class='ocr_line' id='line_1_18' title="bbox 172 1949 1103 2032; baseline -0.006 -17"><span class='ocrx_word' id='word_1_115' title='bbox 172 1956 282 2015; x_wconf 88' lang='lat' dir='ltr'><strong>tuntur</strong></span> <span class='ocrx_word' id='word_1_116' title='bbox 300 1949 448 2031; x_wconf 87' lang='lat' dir='ltr'><strong>quidem,</strong></span> <span class='ocrx_word' id='word_1_117' title='bbox 472 1953 594 2014; x_wconf 78' lang='lat' dir='ltr'><strong>catoris</strong></span> <span class='ocrx_word' id='word_1_118' title='bbox 614 1951 761 2032; x_wconf 90' lang='lat' dir='ltr'><strong>paribus,</strong></span> <span class='ocrx_word' id='word_1_119' title='bbox 778 1951 810 2012; x_wconf 92' lang='lat' dir='ltr'><strong>in</strong></span> <span class='ocrx_word' id='word_1_120' title='bbox 829 1953 924 2014; x_wconf 87' lang='lat' dir='ltr'><strong>testas</strong></span> <span class='ocrx_word' id='word_1_121' title='bbox 947 1951 979 2011; x_wconf 90' lang='lat' dir='ltr'><strong>in</strong></span> <span class='ocrx_word' id='word_1_122' title='bbox 1002 1949 1103 2012; x_wconf 88' lang='lat' dir='ltr'><strong>causis</strong></span> 
     </span>
     <span class='ocr_line' id='line_1_19' title="bbox 174 2043 1102 2122; baseline -0.002 -16"><span class='ocrx_word' id='word_1_123' title='bbox 174 2043 315 2106; x_wconf 86' lang='lat' dir='ltr'><strong>civilibus</strong></span> <span class='ocrx_word' id='word_1_124' title='bbox 329 2043 432 2104; x_wconf 89' lang='lat' dir='ltr'><strong>minus</strong></span> <span class='ocrx_word' id='word_1_125' title='bbox 452 2043 575 2122; x_wconf 84' lang='lat' dir='ltr'><strong>arduis,</strong></span> <span class='ocrx_word' id='word_1_126' title='bbox 602 2063 673 2106; x_wconf 89' lang='lat' dir='ltr'><strong>cum</strong></span> <span class='ocrx_word' id='word_1_127' title='bbox 687 2045 774 2107; x_wconf 85' lang='lat' dir='ltr'><strong>tastis</strong></span> <span class='ocrx_word' id='word_1_128' title='bbox 795 2044 927 2106; x_wconf 90' lang='lat' dir='ltr'><strong>idoneus</strong></span> <span class='ocrx_word' id='word_1_129' title='bbox 945 2061 1009 2106; x_wconf 88' lang='lat' dir='ltr'><strong>non</strong></span> <span class='ocrx_word' id='word_1_130' title='bbox 1036 2046 1102 2105; x_wconf 82' lang='lat' dir='ltr'><strong>tam</strong></span> 
     </span>
     <span class='ocr_line' id='line_1_20' title="bbox 173 2133 1105 2218; baseline -0.004 -19"><span class='ocrx_word' id='word_1_131' title='bbox 173 2157 211 2199; x_wconf 87' lang='lat' dir='ltr'><strong>ex</strong></span> <span class='ocrx_word' id='word_1_132' title='bbox 221 2133 433 2215; x_wconf 85' lang='lat' dir='ltr'><strong>facultatibus,</strong></span> <span class='ocrx_word' id='word_1_133' title='bbox 446 2155 541 2218; x_wconf 88' lang='lat' dir='ltr'><strong>quam</strong></span> <span class='ocrx_word' id='word_1_134' title='bbox 553 2156 590 2200; x_wconf 88' lang='lat' dir='ltr'><strong>ex</strong></span> <span class='ocrx_word' id='word_1_135' title='bbox 599 2139 751 2215; x_wconf 88' lang='lat' dir='ltr'><strong>moribus,</strong></span> <span class='ocrx_word' id='word_1_136' title='bbox 762 2137 871 2200; x_wconf 80' lang='lat' dir='ltr'><strong>atvitae</strong></span> <span class='ocrx_word' id='word_1_137' title='bbox 883 2137 1038 2216; x_wconf 80' lang='lat' dir='ltr'><strong>probitate</strong></span> <span class='ocrx_word' id='word_1_138' title='bbox 1050 2135 1105 2197; x_wconf 87' lang='lat' dir='ltr'><strong>da-</strong></span> 
     </span>
     <span class='ocr_line' id='line_1_21' title="bbox 172 2229 1104 2307; baseline -0.003 -15"><span class='ocrx_word' id='word_1_139' title='bbox 172 2233 332 2307; x_wconf 87' lang='lat' dir='ltr'><strong>sumatur,</strong></span> <span class='ocrx_word' id='word_1_140' title='bbox 357 2249 420 2291; x_wconf 91' lang='lat' dir='ltr'><strong>non</strong></span> <span class='ocrx_word' id='word_1_141' title='bbox 441 2233 547 2292; x_wconf 84' lang='lat' dir='ltr'><strong>tamen</strong></span> <span class='ocrx_word' id='word_1_142' title='bbox 566 2230 598 2292; x_wconf 93' lang='lat' dir='ltr'><strong>in</strong></span> <span class='ocrx_word' id='word_1_143' title='bbox 614 2231 756 2292; x_wconf 91' lang='lat' dir='ltr'><strong>civilibus</strong></span> <span class='ocrx_word' id='word_1_144' title='bbox 779 2230 885 2292; x_wconf 89' lang='lat' dir='ltr'><strong>arduis</strong></span> <span class='ocrx_word' id='word_1_145' title='bbox 906 2234 938 2292; x_wconf 87' lang='lat' dir='ltr'><strong>et</strong></span> <span class='ocrx_word' id='word_1_146' title='bbox 958 2229 1104 2291; x_wconf 88' lang='lat' dir='ltr'><strong>crimina-</strong></span> 
     </span>
     <span class='ocr_line' id='line_1_22' title="bbox 170 2322 1104 2404; baseline -0.004 -19"><span class='ocrx_word' id='word_1_147' title='bbox 170 2323 263 2400; x_wconf 89' lang='lat' dir='ltr'><strong>libus,</strong></span> <span class='ocrx_word' id='word_1_148' title='bbox 273 2323 313 2384; x_wconf 91' lang='lat' dir='ltr'><strong>ad</strong></span> <span class='ocrx_word' id='word_1_149' title='bbox 323 2322 498 2384; x_wconf 90' lang='lat' dir='ltr'><strong>cavendum</strong></span> <span class='ocrx_word' id='word_1_150' title='bbox 508 2325 775 2404; x_wconf 85' lang='lat' dir='ltr'><strong>periculumialsae</strong></span> <span class='ocrx_word' id='word_1_151' title='bbox 784 2323 997 2403; x_wconf 86' lang='lat' dir='ltr'><strong>depositionis,</strong></span> <span class='ocrx_word' id='word_1_152' title='bbox 1008 2339 1104 2402; x_wconf 89' lang='lat' dir='ltr'><strong>quam</strong></span> 
     </span>
     <span class='ocr_line' id='line_1_23' title="bbox 172 2416 1105 2497; baseline -0.004 -19"><span class='ocrx_word' id='word_1_153' title='bbox 172 2417 452 2497; x_wconf 89' lang='lat' dir='ltr'><strong>suspicanturjura</strong></span> <span class='ocrx_word' id='word_1_154' title='bbox 465 2435 523 2496; x_wconf 88' lang='lat' dir='ltr'><strong>per</strong></span> <span class='ocrx_word' id='word_1_155' title='bbox 541 2417 797 2496; x_wconf 86' lang='lat' dir='ltr'><strong>promissionem,</strong></span> <span class='ocrx_word' id='word_1_156' title='bbox 814 2420 869 2478; x_wconf 91' lang='lat' dir='ltr'><strong>aut</strong></span> <span class='ocrx_word' id='word_1_157' title='bbox 888 2416 994 2476; x_wconf 89' lang='lat' dir='ltr'><strong>datam</strong></span> <span class='ocrx_word' id='word_1_158' title='bbox 1008 2431 1105 2495; x_wconf 89' lang='lat' dir='ltr'><strong>pecu-</strong></span> 
     </span>
     <span class='ocr_line' id='line_1_24' title="bbox 171 2507 1102 2588; baseline -0.002 -21"><span class='ocrx_word' id='word_1_159' title='bbox 171 2509 256 2567; x_wconf 90' lang='lat' dir='ltr'><strong>niam</strong></span> <span class='ocrx_word' id='word_1_160' title='bbox 271 2509 362 2568; x_wconf 86' lang='lat' dir='ltr'><strong>iacile</strong></span> <span class='ocrx_word' id='word_1_161' title='bbox 375 2525 542 2586; x_wconf 88' lang='lat' dir='ltr'><strong>apaupare</strong></span> <span class='ocrx_word' id='word_1_162' title='bbox 551 2511 618 2588; x_wconf 82' lang='lat' dir='ltr'><strong>tali,</strong></span> <span class='ocrx_word' id='word_1_163' title='bbox 635 2510 768 2570; x_wconf 90' lang='lat' dir='ltr'><strong>autvilis</strong></span> <span class='ocrx_word' id='word_1_164' title='bbox 779 2509 965 2569; x_wconf 88' lang='lat' dir='ltr'><strong>conditionis</strong></span> <span class='ocrx_word' id='word_1_165' title='bbox 976 2507 1102 2568; x_wconf 89' lang='lat' dir='ltr'><strong>bomine</strong></span> 
     </span>
     <span class='ocr_line' id='line_1_25' title="bbox 171 2597 1103 2682; baseline -0.005 -21"><span class='ocrx_word' id='word_1_166' title='bbox 171 2597 304 2661; x_wconf 87' lang='lat' dir='ltr'><strong>obtineri</strong></span> <span class='ocrx_word' id='word_1_167' title='bbox 320 2615 431 2677; x_wconf 85' lang='lat' dir='ltr'><strong>possa;</strong></span> <span class='ocrx_word' id='word_1_168' title='bbox 447 2604 479 2658; x_wconf 88' lang='lat' dir='ltr'><strong>et</strong></span> <span class='ocrx_word' id='word_1_169' title='bbox 491 2599 565 2660; x_wconf 89' lang='lat' dir='ltr'><strong>hinc</strong></span> <span class='ocrx_word' id='word_1_170' title='bbox 579 2602 611 2660; x_wconf 93' lang='lat' dir='ltr'><strong>in</strong></span> <span class='ocrx_word' id='word_1_171' title='bbox 626 2619 813 2682; x_wconf 85' lang='lat' dir='ltr'><strong>quocunque</strong></span> <span class='ocrx_word' id='word_1_172' title='bbox 827 2619 901 2661; x_wconf 91' lang='lat' dir='ltr'><strong>casu</strong></span> <span class='ocrx_word' id='word_1_173' title='bbox 919 2599 1103 2660; x_wconf 79' lang='lat' dir='ltr'><strong>admittatur</strong></span> 
     </span>
     <span class='ocr_line' id='line_1_26' title="bbox 171 2688 1103 2772; baseline -0.002 -19"><span class='ocrx_word' id='word_1_174' title='bbox 171 2691 252 2768; x_wconf 88' lang='lat' dir='ltr'><strong>talis,</strong></span> <span class='ocrx_word' id='word_1_175' title='bbox 268 2690 353 2751; x_wconf 92' lang='lat' dir='ltr'><strong>omni</strong></span> <span class='ocrx_word' id='word_1_176' title='bbox 373 2693 479 2750; x_wconf 88' lang='lat' dir='ltr'><strong>tamen</strong></span> <span class='ocrx_word' id='word_1_177' title='bbox 494 2693 675 2770; x_wconf 85' lang='lat' dir='ltr'><strong>exceptione</strong></span> <span class='ocrx_word' id='word_1_178' title='bbox 688 2693 791 2772; x_wconf 75' lang='lat' dir='ltr'><strong>maJ‘or</strong></span> <span class='ocrx_word' id='word_1_179' title='bbox 808 2711 870 2753; x_wconf 92' lang='lat' dir='ltr'><strong>non</strong></span> <span class='ocrx_word' id='word_1_180' title='bbox 886 2698 942 2769; x_wconf 88' lang='lat' dir='ltr'><strong>est,</strong></span> <span class='ocrx_word' id='word_1_181' title='bbox 960 2688 1103 2770; x_wconf 88' lang='lat' dir='ltr'><strong>quamvis</strong></span> 
     </span>
     <span class='ocr_line' id='line_1_27' title="bbox 170 2783 1102 2865; baseline -0.001 -20"><span class='ocrx_word' id='word_1_182' title='bbox 170 2799 228 2865; x_wconf 85' lang='lat' dir='ltr'><strong>per</strong></span> <span class='ocrx_word' id='word_1_183' title='bbox 245 2786 400 2845; x_wconf 87' lang='lat' dir='ltr'><strong>torturam</strong></span> <span class='ocrx_word' id='word_1_184' title='bbox 420 2789 555 2864; x_wconf 86' lang='lat' dir='ltr'><strong>purgata</strong></span> <span class='ocrx_word' id='word_1_185' title='bbox 575 2784 616 2845; x_wconf 89' lang='lat' dir='ltr'><strong>sit</strong></span> <span class='ocrx_word' id='word_1_186' title='bbox 629 2784 715 2845; x_wconf 75' lang='lat' dir='ltr'><strong>falsa</strong></span> <span class='ocrx_word' id='word_1_187' title='bbox 733 2784 954 2865; x_wconf 79' lang='lat' dir='ltr'><strong>depositionis,</strong></span> <span class='ocrx_word' id='word_1_188' title='bbox 972 2789 1003 2845; x_wconf 88' lang='lat' dir='ltr'><strong>et</strong></span> <span class='ocrx_word' id='word_1_189' title='bbox 1023 2783 1102 2845; x_wconf 89' lang='lat' dir='ltr'><strong>lucri</strong></span> 
     </span>
     <span class='ocr_line' id='line_1_28' title="bbox 171 2876 1104 2960; baseline -0.003 -20"><span class='ocrx_word' id='word_1_190' title='bbox 171 2877 316 2956; x_wconf 85' lang='lat' dir='ltr'><strong>captandi</strong></span> <span class='ocrx_word' id='word_1_191' title='bbox 332 2895 427 2939; x_wconf 88' lang='lat' dir='ltr'><strong>causa</strong></span> <span class='ocrx_word' id='word_1_192' title='bbox 439 2877 594 2957; x_wconf 88' lang='lat' dir='ltr'><strong>suspicio;</strong></span> <span class='ocrx_word' id='word_1_193' title='bbox 612 2877 638 2937; x_wconf 94' lang='lat' dir='ltr'><strong>si</strong></span> <span class='ocrx_word' id='word_1_194' title='bbox 650 2881 756 2938; x_wconf 87' lang='lat' dir='ltr'><strong>tamen</strong></span> <span class='ocrx_word' id='word_1_195' title='bbox 771 2877 900 2940; x_wconf 89' lang='lat' dir='ltr'><strong>arbitrio</strong></span> <span class='ocrx_word' id='word_1_196' title='bbox 909 2876 1035 2960; x_wconf 85' lang='lat' dir='ltr'><strong>judicis,</strong></span> <span class='ocrx_word' id='word_1_197' title='bbox 1049 2879 1104 2938; x_wconf 86' lang='lat' dir='ltr'><strong>aui</strong></span> 
     </span>
     <span class='ocr_line' id='line_1_29' title="bbox 169 2969 1102 3053; baseline -0.003 -21"><span class='ocrx_word' id='word_1_198' title='bbox 169 2971 266 3053; x_wconf 90' lang='lat' dir='ltr'><strong>partis</strong></span> <span class='ocrx_word' id='word_1_199' title='bbox 281 2971 382 3032; x_wconf 91' lang='lat' dir='ltr'><strong>omnis</strong></span> <span class='ocrx_word' id='word_1_200' title='bbox 406 2970 540 3048; x_wconf 87' lang='lat' dir='ltr'><strong>suspicio</strong></span> <span class='ocrx_word' id='word_1_201' title='bbox 556 2969 674 3032; x_wconf 88' lang='lat' dir='ltr'><strong>fraudis</strong></span> <span class='ocrx_word' id='word_1_202' title='bbox 697 2971 791 3032; x_wconf 89' lang='lat' dir='ltr'><strong>etiam</strong></span> <span class='ocrx_word' id='word_1_203' title='bbox 812 2989 910 3050; x_wconf 89' lang='lat' dir='ltr'><strong>penes</strong></span> <span class='ocrx_word' id='word_1_204' title='bbox 930 2987 1102 3050; x_wconf 88' lang='lat' dir='ltr'><strong>pauperem</strong></span> 
     </span>
     <span class='ocr_line' id='line_1_30' title="bbox 170 3062 1103 3143; baseline 0 -19"><span class='ocrx_word' id='word_1_205' title='bbox 170 3063 303 3142; x_wconf 87' lang='lat' dir='ltr'><strong>abesset,</strong></span> <span class='ocrx_word' id='word_1_206' title='bbox 324 3067 379 3126; x_wconf 88' lang='lat' dir='ltr'><strong>aut</strong></span> <span class='ocrx_word' id='word_1_207' title='bbox 393 3064 471 3125; x_wconf 84' lang='lat' dir='ltr'><strong>fides</strong></span> <span class='ocrx_word' id='word_1_208' title='bbox 483 3064 631 3143; x_wconf 88' lang='lat' dir='ltr'><strong>pauperis</strong></span> <span class='ocrx_word' id='word_1_209' title='bbox 643 3081 700 3142; x_wconf 88' lang='lat' dir='ltr'><strong>per</strong></span> <span class='ocrx_word' id='word_1_210' title='bbox 715 3065 792 3125; x_wconf 91' lang='lat' dir='ltr'><strong>alios</strong></span> <span class='ocrx_word' id='word_1_211' title='bbox 807 3065 911 3143; x_wconf 88' lang='lat' dir='ltr'><strong>plures</strong></span> <span class='ocrx_word' id='word_1_212' title='bbox 925 3066 1021 3125; x_wconf 90' lang='lat' dir='ltr'><strong>testes</strong></span> <span class='ocrx_word' id='word_1_213' title='bbox 1034 3062 1103 3124; x_wconf 89' lang='lat' dir='ltr'><strong>idc-</strong></span> 
     </span>
     <span class='ocr_line' id='line_1_31' title="bbox 169 3155 1102 3238; baseline -0.001 -22"><span class='ocrx_word' id='word_1_214' title='bbox 169 3174 245 3218; x_wconf 89' lang='lat' dir='ltr'><strong>naos</strong></span> <span class='ocrx_word' id='word_1_215' title='bbox 257 3157 440 3238; x_wconf 83' lang='lat' dir='ltr'><strong>juvaretur,</strong></span> <span class='ocrx_word' id='word_1_216' title='bbox 454 3162 561 3236; x_wconf 87' lang='lat' dir='ltr'><strong>posset</strong></span> <span class='ocrx_word' id='word_1_217' title='bbox 575 3157 670 3218; x_wconf 88' lang='lat' dir='ltr'><strong>etiam</strong></span> <span class='ocrx_word' id='word_1_218' title='bbox 685 3157 767 3218; x_wconf 91' lang='lat' dir='ltr'><strong>illius</strong></span> <span class='ocrx_word' id='word_1_219' title='bbox 778 3157 991 3218; x_wconf 88' lang='lat' dir='ltr'><strong>testimonium</strong></span> <span class='ocrx_word' id='word_1_220' title='bbox 1004 3159 1039 3217; x_wconf 88' lang='lat' dir='ltr'><strong>ut</strong></span> <span class='ocrx_word' id='word_1_221' title='bbox 1057 3155 1102 3215; x_wconf 88' lang='lat' dir='ltr'><strong>in-</strong></span> 
     </span>
     <span class='ocr_line' id='line_1_32' title="bbox 168 3247 1102 3330; baseline -0.003 -21"><span class='ocrx_word' id='word_1_222' title='bbox 168 3251 268 3327; x_wconf 81' lang='lat' dir='ltr'><strong>tegrae</strong></span> <span class='ocrx_word' id='word_1_223' title='bbox 283 3248 358 3310; x_wconf 85' lang='lat' dir='ltr'><strong>fidei</strong></span> <span class='ocrx_word' id='word_1_224' title='bbox 372 3249 506 3327; x_wconf 89' lang='lat' dir='ltr'><strong>admitti,</strong></span> <span class='ocrx_word' id='word_1_225' title='bbox 524 3268 595 3312; x_wconf 92' lang='lat' dir='ltr'><strong>cum</strong></span> <span class='ocrx_word' id='word_1_226' title='bbox 610 3265 668 3311; x_wconf 88' lang='lat' dir='ltr'><strong>nac</strong></span> <span class='ocrx_word' id='word_1_227' title='bbox 681 3250 749 3310; x_wconf 89' lang='lat' dir='ltr'><strong>sola</strong></span> <span class='ocrx_word' id='word_1_228' title='bbox 760 3257 943 3330; x_wconf 79' lang='lat' dir='ltr'><strong>paupertas,</strong></span> <span class='ocrx_word' id='word_1_229' title='bbox 964 3267 1022 3310; x_wconf 88' lang='lat' dir='ltr'><strong>nac</strong></span> <span class='ocrx_word' id='word_1_230' title='bbox 1035 3247 1102 3310; x_wconf 88' lang='lat' dir='ltr'><strong>sala</strong></span> 
     </span>
     <span class='ocr_line' id='line_1_33' title="bbox 168 3340 928 3422; baseline 0.005 -21"><span class='ocrx_word' id='word_1_231' title='bbox 168 3340 238 3402; x_wconf 86' lang='lat' dir='ltr'><strong>vilis</strong></span> <span class='ocrx_word' id='word_1_232' title='bbox 253 3340 389 3404; x_wconf 88' lang='lat' dir='ltr'><strong>conditio</strong></span> <span class='ocrx_word' id='word_1_233' title='bbox 403 3361 545 3422; x_wconf 78' lang='lat' dir='ltr'><strong>persona</strong></span> <span class='ocrx_word' id='word_1_234' title='bbox 560 3342 636 3405; x_wconf 89' lang='lat' dir='ltr'><strong>vitio</strong></span> <span class='ocrx_word' id='word_1_235' title='bbox 649 3342 693 3403; x_wconf 91' lang='lat' dir='ltr'><strong>illi</strong></span> <span class='ocrx_word' id='word_1_236' title='bbox 709 3342 787 3406; x_wconf 86' lang='lat' dir='ltr'><strong>verti</strong></span> <span class='ocrx_word' id='word_1_237' title='bbox 803 3342 928 3405; x_wconf 86' lang='lat' dir='ltr'><strong>debeat.</strong></span> 
     </span>
    </p>

    <p class='ocr_par' dir='ltr' id='par_1_5' title="bbox 168 3433 1099 3611">
     <span class='ocr_line' id='line_1_34' title="bbox 198 3433 1098 3518; baseline 0.001 -24"><span class='ocrx_word' id='word_1_238' title='bbox 198 3435 291 3496; x_wconf 85' lang='lat' dir='ltr'><strong>XVII.</strong></span> <span class='ocrx_word' id='word_1_239' title='bbox 302 3435 465 3497; x_wconf 88' lang='lat' dir='ltr'><strong>Neminem</strong></span> <span class='ocrx_word' id='word_1_240' title='bbox 475 3435 638 3518; x_wconf 79' lang='lat' dir='ltr'><strong>inproprie</strong></span> <span class='ocrx_word' id='word_1_241' title='bbox 647 3441 852 3498; x_wconf 82' lang='lat' dir='ltr'><strong>caasatcstem</strong></span> <span class='ocrx_word' id='word_1_242' title='bbox 861 3433 1011 3497; x_wconf 89' lang='lat' dir='ltr'><strong>idoneum</strong></span> <span class='ocrx_word' id='word_1_243' title='bbox 1018 3452 1098 3511; x_wconf 87' lang='lat' dir='ltr'><strong>asse,</strong></span> 
     </span>
     <span class='ocr_line' id='line_1_35' title="bbox 168 3528 1099 3611; baseline -0.003 -21"><span class='ocrx_word' id='word_1_244' title='bbox 168 3528 345 3590; x_wconf 88' lang='lat' dir='ltr'><strong>communis</strong></span> <span class='ocrx_word' id='word_1_245' title='bbox 360 3534 391 3590; x_wconf 86' lang='lat' dir='ltr'><strong>et</strong></span> <span class='ocrx_word' id='word_1_246' title='bbox 409 3530 565 3608; x_wconf 87' lang='lat' dir='ltr'><strong>generalis</strong></span> <span class='ocrx_word' id='word_1_247' title='bbox 577 3529 688 3609; x_wconf 86' lang='lat' dir='ltr'><strong>regula</strong></span> <span class='ocrx_word' id='word_1_248' title='bbox 702 3529 811 3608; x_wconf 86' lang='lat' dir='ltr'><strong>docet,</strong></span> <span class='ocrx_word' id='word_1_249' title='bbox 836 3530 876 3593; x_wconf 88' lang='lat' dir='ltr'><strong>ob</strong></span> <span class='ocrx_word' id='word_1_250' title='bbox 890 3529 1099 3611; x_wconf 88' lang='lat' dir='ltr'><strong>suspicionem</strong></span> 
     </span>
    </p>
   </div>
   <div class='ocr_carea' id='block_1_3' title="bbox 0 0 1296 4022">
    <p class='ocr_par' dir='ltr' id='par_1_6' title="bbox 0 0 1296 4022">
     <span class='ocr_line' id='line_1_36' title="bbox 0 0 1296 4022; baseline 0 0"><span class='ocrx_word' id='word_1_251' title='bbox 0 0 1296 4022; x_wconf 95' lang='lat' dir='ltr'><strong> </strong></span> 
     </span>
    </p>
   </div>
  </div>
 </body>
</html>
