2586 4020
139 212 197 272 ιιι
365 222 596 272 ιιιιιιιιιιοιιιι
615 225 699 274 rums
721 224 875 273 cruorum.

137 366 255 450 petenti
276 367 414 446 ιιιιιιιι,
438 368 518 431 adeo
539 368 686 450 quidem,
703 372 739 432 ut
757 369 783 431 si
808 386 891 431 eum
898 366 1010 432 debita
1017 366 1072 430 ιιι-

137 461 393 540 stantia‚looo,et
361 462 942 544 ettemporeeongruorequisitusnon
951 461 1068 538 tradat,

136 553 214 618 sed
205 571 237 616 ιιι
248 572 345 617 eausa
354 556 516 635 prooedat
528 557 704 618 nonvaleat
713 573 891 636 processus
908 557 941 617 et
951 557 1069 618 tetrae

136 649 270 712 tardus
286 649 326 710 sit
353 668 410 728 per
435 647 575 728 judicem
602 621 840 729 appellationis,
868 646 1070 727 praesumitur

138 742 222 804 enim
235 742 319 804 melo
332 741 437 803 animo
447 742 635 821 processisse
644 741 743 822 judex
755 761 774 802 a
784 759 858 820 quo,
871 741 897 802 si
910 745 1001 846 apost
988 740 1070 804 tolos

138 835 276 916 negavit,
287 835 346 897 nisr
337 834 438 896 ultro
452 835 653 915 appellatrom
662 833 873 896 renuntiasset
874 853 944 914 ,qur
936 833 1066 914 'appel-

137 929 226 992 lavit

179 1021 246 1084 Pati
270 1025 376 1082 autem
400 1021 575 1098 debenti
543 1024 575 1083 et
589 1024 720 1100 possunt
707 1021 773 1084 tab
794 1020 973 1101 appellante
992 1019 1069 1099 (sive

139 1114 346 1192 adefinitiva,
362 1114 428 1176 sive
447 1114 488 1176 ab
502 1114 748 1193 interlocutoria,
772 1114 837 1178 sive
862 1113 1066 1195 judioialiter,

138 1208 204 1270 sive
220 1207 498 1288 extrajudioialiter
523 1207 715 1286 appellatum
725 1207 830 1286 fuerit)
847 1211 877 1269 et
895 1206 1034 1270 exhiberi
1049 1225 1070 1268 a

134 1300 253 1382 judioe,
270 1319 366 1382 aquo
378 1301 410 1363 hi
426 1300 558 1380 apostoli
569 1300 664 1362 hodie
676 1301 759 1362 intra
773 1304 812 1364 30
831 1301 899 1362 dies
919 1300 1010 1380 (quos
1021 1299 1070 1360 in-

138 1399 216 1456 tera
230 1395 281 1456 die
296 1395 459 1456 sententiaa
474 1395 557 1471 latae,
575 1397 606 1455 et
621 1393 758 1467 soientioe
771 1394 888 1456 habitae
901 1411 1070 1456 connume-

138 1488 266 1565 randos,
279 1486 304 1548 si
318 1505 380 1549 non
402 1487 550 1566 petiverit
572 1487 751 1566 appellans,
771 1477 916 1549 censetur
929 1487 1071 1566 appella·

137 1580 214 1642 tioni
227 1581 319 1642 tautae
330 1579 522 1657 renuntiare,
540 1598 609 1662 quae
631 1584 678 1643 est
694 1581 897 1660 prasumptio
916 1579 1013 1662 juris,
1040 1583 1072 1642 et

138 1673 282 1755 dejure),
299 1677 330 1735 et
341 1673 404 1752 peti
417 1673 591 1750 debentes
606 1674 674 1736 dari
700 1672 844 1754 expensis
869 1672 1068 1754 appellantia

137 1769 231 1845 prout
256 1765 430 1828 eommunis
447 1766 551 1845 praxis
566 1766 680 1842 habet3
707 1770 739 1828 et
752 1786 847 1849 quem
857 1767 1020 1843 instanter,
1037 1769 1070 1828 et

137 1861 251 1940 saepius
263 1859 449 1940 (instantius,
468 1863 499 1922 et
514 1859 753 1939 instantissime)
767 1860 818 1922 vel
832 1879 894 1922 uno
907 1862 1066 1934 contextu,

138 1955 188 2016 vel
202 1953 383 2033 interposito
395 1953 490 2016 etiam
500 1957 572 2016 aetu
587 1957 736 2017 extraneo
749 1953 924 2015 successive
939 1953 1004 2034 peti
1018 1951 1071 2014 de-

138 2047 224 2123 bent,
239 2047 284 2108 ita
303 2050 409 2108 tamen
434 2049 469 2108 ut
489 2046 529 2107 ad
551 2046 751 2127 accipiendos
776 2047 891 2127 petitos
913 2045 1071 2126 apostolos

134 2139 233 2221 judex
249 2159 268 2201 a
287 2157 349 2220 quo
365 2143 485 2204 eertum
504 2145 628 2220 tempus
657 2141 821 2220 praefigere
845 2139 967 2220 possit,
999 2157 1071 2202 eum

137 2233 220 2295 illius
241 2233 280 2296 sit
295 2252 333 2294 en
351 2253 448 2296 eausa
470 2252 654 2314 prorogare,
685 2237 741 2296 aut
763 2236 886 2297 arelate
912 2237 1037 2314 tempus
1051 2251 1071 2292 a

134 2324 206 2407 jure
219 2345 414 2405 conoessum,
431 2331 463 2390 et
472 2329 499 2388 si
512 2329 676 2406 appellans
689 2326 742 2390 illo
755 2331 899 2407 tempore
913 2345 976 2390 non
989 2342 1072 2388 oom-

138 2424 258 2498 pareat‚
276 2427 442 2482 nauseatur
456 2420 660 2501 appellationi
669 2439 734 2482 suae
747 2419 957 2484 renuntiasse.

178 2515 209 2571 3⁰
233 2512 354 2591 Tempus
369 2511 576 2591 praesentandi
603 2513 757 2594 apostolos.
784 2512 972 2576 Praesentari
997 2531 1072 2576 vero

138 2603 254 2665 debent
266 2594 298 2662 hi
313 2602 445 2682 apostoli
457 2603 467 2683 j
472 2603 553 2665 udiei
565 2606 605 2665 ad
618 2622 712 2691 quern
726 2606 797 2686 (nisi
810 2612 933 2668 eertum
942 2609 1073 2686 tempus

109 2695 180 2758 ,ιιι
207 2693 470 2757 introducendam
505 2714 595 2758 suam
627 2699 870 2778 appellationem
905 2698 1075 2779 praefixerit

134 2789 354 2872 judaeaque,
379 2789 463 2870 quod
493 2789 599 2852 faeere
622 2791 738 2872 potest)
761 2792 844 2854 intra
874 2795 999 2871 tempus
1020 2809 1076 2853 sex

137 2883 303 2961 mannum,
320 2885 494 2962 stempore
509 2883 705 2963 interpositae
730 2885 949 2966 appellationis
964 2896 1075 2950 nume-

34 3016 36 3022 ψ
137 2979 272 3040 randum
288 2976 368 3059 (jure
383 2975 503 3038 soilioet
516 2979 668 3057 temporis
682 2978 743 3041 hoo
759 2979 895 3060 spatium
917 2977 959 3040 ad
976 2978 1076 3042 intro·

14 3143 15 3148 γ
136 3071 313 3134 duoendam
340 3069 584 3150 appellationem
607 3072 851 3151 praesoribente,
876 3076 933 3134 aut
956 3071 1073 3152 judiois

137 3163 286 3242 arbitrio,
310 3167 345 3226 ut
366 3167 487 3228 eertum
513 3171 640 3243 tempus
668 3167 834 3244 praettgat,
857 3165 1070 3246 relinquente,

136 3259 204 3318 tum
213 3259 247 3316 ut
271 3257 443 3335 appellanti
472 3255 667 3320 deliberandi
694 3258 890 3338 relinquatur
917 3259 1069 3336 libertas,
1112 3245 1118 3252 ¹

137 3353 242 3410 utrum
267 3349 483 3427 interpositam
511 3349 751 3431 appellationem
787 3353 936 3432 prosequi
971 3351 1069 3429 velit,

139 3445 210 3504 tum.
219 3444 256 3504 ut
269 3459 309 3502 ne
323 3440 460 3504 niniam.
475 3442 701 3522 prolongentur
720 3442 814 3521 litos),
828 3443 872 3506 ita
884 3447 919 3506 ut
941 3444 967 3506 si
986 3443 1072 3506 intra
