2584 4022
195 245 237 306 m
403 256 631 306 rnsrrrurronus
650 257 733 306 runis
755 257 909 306 asnorum.

196 403 262 476 est,
285 400 371 479 quod
378 399 477 482 judex
488 401 565 480 loei,
582 402 615 464 in
629 421 691 484 quo
707 401 856 464 delietum
868 401 1042 480 perfeetum
1056 405 1123 482 est,

194 492 341 556 ethome
363 494 504 572 penisus,
528 515 591 558 non
607 495 706 577 judex
727 495 809 573 loei,
833 494 888 557 uhi
907 494 1055 559 deliotum
1077 497 1126 560 in-

194 585 342 648 ehoatum
355 591 418 666 est,
436 587 535 668 possit
549 589 781 669 delinquentem
798 589 912 666 talem,
933 589 959 650 si
983 589 1016 650 in
1035 589 1127 652 terri-

193 679 272 742 torio
286 679 369 742 illius
379 681 645 762 deprehendatur,
658 682 813 764 judicare,
830 685 862 744 et
875 682 997 761 punire,
1012 683 1126 761 proha·

99 803 109 818 ·
191 771 286 838 bilius
312 777 418 836 tamen
442 778 509 852 est,
544 776 629 855 quod
655 775 817 854 utriusque
850 774 999 836 territorii
1025 774 1124 856 judex

134 931 138 942 ,
192 865 364 946 proaedere
380 871 488 940 eontra
498 868 593 930 talem
605 867 840 948 delinquentem
856 867 969 945 possit,
985 870 1017 928 et
1031 868 1124 931 detur

191 959 279 1022 loeus
290 959 494 1039 praeventioni
510 960 637 1040 (eumin
649 964 783 1040 utroque
798 958 959 1021 territorio
978 977 1052 1021 reus
1067 960 1123 1021 de·

190 1051 318 1131 liquisse
342 1052 528 1131 censeatur),
543 1052 601 1114 nisi
622 1052 804 1114 vulneratus
818 1050 976 1112 lethaliter
1000 1050 1032 1114 in
1057 1069 1121 1112 uno

190 1144 276 1222 loeo,
293 1144 333 1204 ad
348 1144 483 1206 alterum
501 1144 545 1218 sie
565 1146 749 1206 vulneratus
769 1143 917 1220 abiisset,
934 1148 965 1206 et
977 1147 1120 1206 mortuus

189 1239 271 1300 esset
282 1283 290 1314 ,
303 1255 365 1316 quo
378 1237 410 1298 in
433 1255 508 1300 oasu
522 1237 660 1316 punitio,
684 1240 716 1299 et
727 1236 883 1317 judioium
902 1235 1117 1312 vulnerantis,

187 1347 283 1410 penes
296 1328 437 1410 judicem
447 1329 523 1408 loci,
540 1330 593 1392 uhi
608 1331 721 1392 vulnus
739 1330 892 1392 inllietnm
908 1331 977 1403 est,
992 1331 1086 1390 esset.

228 1422 261 1484 Si
281 1426 387 1486 tamen
409 1441 482 1484 reus
503 1441 540 1486 ex
563 1425 632 1486 loeo
657 1423 761 1486 delieti
777 1422 935 1486 commissi
955 1421 1056 1502 lugiet
1078 1421 1119 1482 ad

186 1515 272 1576 aliud
288 1514 496 1593 territorium,
509 1519 577 1578 tum
586 1520 727 1596 spectato
738 1516 811 1596 jure
826 1514 1004 1592 communi,
1021 1513 1046 1574 si
1059 1515 1118 1576 suh

186 1606 299 1668 eodem
322 1626 470 1686 supremo
485 1609 626 1688 principe
647 1609 688 1670 sit
707 1609 769 1670 tals
787 1607 997 1682 territorium,
1019 1606 1118 1687 judex

184 1699 256 1761 talis
280 1699 441 1777 territorii,
456 1700 482 1761 si
493 1701 588 1762 fuerit
601 1700 770 1780 requisitus
788 1699 925 1780 ajudiee
939 1698 1044 1760 delieti
1066 1699 1117 1761 vel

187 1791 357 1869 domicilii,
387 1809 460 1854 eum
484 1811 617 1872 capere,
647 1799 679 1853 et
709 1792 868 1854 remittere
900 1792 1011 1868 dehet,
1045 1809 1115 1852 oum

186 1883 327 1965 ejusdem
339 1885 489 1966 principis
497 1885 620 1966 judiees
638 1903 671 1946 se
686 1885 822 1946 lntiuem
837 1884 950 1965 juvare
963 1884 1114 1960 debeant,

185 1975 210 2038 si
223 1977 432 2058 requirantur,
448 1996 487 2040 ne
499 1978 614 2040 delicta
631 1981 780 2038 maneant
795 1976 966 2056 impunita;
992 1976 1017 2038 si
1040 1993 1115 2038 vero

182 2087 256 2132 reus
276 2070 315 2130 ad
331 2070 523 2133 territorium
536 2069 670 2150 fugerit,
697 2070 782 2150 quod
803 2073 851 2131 est
863 2069 922 2130 suh
948 2067 1009 2130 alio
1030 2067 1115 2146 prin·

182 2161 271 2240 cipe,
292 2180 356 2224 non
378 2166 503 2225 tenetur
527 2182 601 2240 reus
627 2161 763 2239 remitti,
786 2179 889 2243 neque
918 2161 988 2239 cogi
1011 2163 1115 2240 potest

181 2253 263 2316 illius
276 2255 336 2318 loei
347 2254 446 2336 judex
460 2255 501 2317 ad
516 2257 600 2319 huno
619 2255 853 2331 remittendum,
871 2253 1016 2334 quamvis
1032 2269 1115 2316 eom·

181 2347 255 2425 pelli
287 2349 384 2428 possit
418 2350 458 2412 ad
487 2350 646 2430 agendum
678 2367 782 2410 areo
808 2347 879 2410 talis
906 2345 966 2408 fori
990 2345 1112 2410 ratione

179 2438 314 2502 laesionis
322 2448 376 2503 sut
388 2443 575 2505 damnorum
585 2444 832 2505 laetorumflaee
842 2439 1111 2502 autemremissio-

180 2529 228 2590 nis
238 2531 380 2604 materia,
393 2531 467 2609 quia
479 2533 572 2594 hodie
580 2535 714 2594 multum
724 2552 744 2593 a
755 2531 981 2594 consuetudine
994 2531 1112 2609 depen-

178 2619 242 2696 det,
258 2620 515 2682 illaeonsulenda
530 2629 586 2699 est,
599 2625 647 2684 vel
664 2627 781 2684 statuta
794 2621 1018 2700 particuliaria,
1033 2625 1106 2698 eto,

174 2710 265 2792 juxta
277 2729 346 2791 quae
362 2711 393 2773 in
409 2716 516 2774 nostra
530 2714 641 2776 saltem
651 2713 818 2774 Germania
828 2712 1108 2792 delinquenspuni-

177 2809 239 2881 tur,
260 2804 315 2864 uhi
336 2804 591 2884 deprehenditur,
610 2807 728 2886 absque
745 2806 810 2867 ulla
823 2803 1006 2866 remissione
1024 2805 1108 2867 faeta

177 2897 218 2958 ad
228 2895 370 2977 judicem
385 2898 490 2960 delieti
508 2920 515 2961 :
532 2917 635 2980 neque
650 2903 781 2980 possunt
794 2897 948 2976 ministri,
965 2901 1021 2958 eut
1040 2897 1106 2959 offi-

177 2990 271 3052 oiules
286 2990 352 3052 sive
362 2991 503 3073 judiees,
518 2993 570 3055 ubi
588 2993 737 3056 delietum
756 2992 957 3055 commissum
981 2995 1048 3068 est,
1072 2991 1105 3052 in

176 3081 468 3163 alieuoterritorio,
485 3104 546 3166 quo
561 3105 633 3150 reus
648 3086 716 3168 jam
736 3085 877 3165 aufugit,
905 3101 979 3144 eum
998 3101 1105 3163 perse-

175 3173 240 3254 qui,
258 3177 313 3236 sed
328 3177 368 3238 ab
384 3179 469 3257 omni
485 3179 568 3244 illius
580 3180 797 3259 perseeutione
810 3177 959 3240 desistere
974 3176 1100 3252 dehent,

174 3267 408 3346 quamprimum
434 3272 572 3335 alienum
595 3272 649 3332 ille
677 3271 871 3334 territorium
898 3269 1018 3350 attigit,
1044 3268 1104 3336 nisi

173 3357 235 3420 aiut
248 3366 458 3441 grassatores,
484 3365 639 3443 latrones,
657 3370 712 3428 aut
730 3363 783 3426 alii
804 3363 921 3426 similes
939 3361 1025 3441 peeis
1044 3381 1102 3441 pu·

172 3450 262 3512 hlieae
281 3454 536 3534 perturbatores,
561 3475 695 3538 quorum
716 3455 892 3538 persecutio
911 3457 944 3518 in
969 3455 1100 3536 imperio
