2586 4020
364 248 405 296 or
429 247 567 298 usmaro
590 251 742 300 sconsam
762 250 869 300 srnro.
1031 241 1090 302 lta

156 404 207 462 tus
227 413 436 478 personarum
458 413 528 474 qua
549 395 778 459 Eucharistiam
800 395 962 474 deterunt,
978 396 1089 479 siquis

156 511 230 554 reas
243 490 304 554 illis
317 488 518 569 adjungatur.

195 587 227 648 5⁰
237 585 370 645 Demum
382 581 577 661 prohibitum
588 588 635 642 cst
644 582 689 644 uti
701 582 741 644 ad
750 601 824 644 usus
832 584 980 663 profanos
992 584 1086 662 vasis,

156 677 341 741 utensilibus
355 673 453 736 sacris
468 681 499 734 et
512 674 656 736 omnibus
670 675 739 736 aliis
751 676 846 738 rebus
861 695 932 758 quse
947 677 1044 740 sacris
1058 680 1090 738 et

157 770 270 834 divinis
283 768 391 830 usibus
407 767 623 846 destinantur,
642 771 881 846 consecrantur,
897 768 1090 831 benedicun-

57 899 64 912 ·
155 867 218 942 tur,
235 863 335 925 donec
348 879 411 923 non
425 863 630 938 execrantur,
647 880 703 922 seu
724 862 824 924 donec
843 866 916 926 sunt
938 881 1035 926 sacra
1058 869 1092 925 et

158 955 391 1040 quodammodo
408 953 533 1029 nullius,
551 972 606 1016 seu
628 956 686 1017 soli
701 957 764 1016 Deo
781 955 913 1019 devotae.
937 955 1090 1019 Similiter

157 1057 189 1114 et
203 1051 263 1113 hoc
284 1047 483 1128 privilegium
502 1046 637 1125 pertinet
655 1048 696 1109 ad
714 1049 881 1127 ecclesias,
906 1050 1008 1113 donec
1025 1067 1090 1112 non

157 1145 219 1208 sint
231 1143 362 1205 deserlae
378 1139 418 1203 ob
431 1139 556 1202 ruinam
564 1141 614 1201 vel
626 1147 790 1204 execratae.

196 1235 380 1299 immunitas
404 1240 509 1294 autem
532 1234 691 1295 recteest
725 1235 880 1315 exemptio
907 1239 1089 1317 competens

156 1330 247 1393 bonis
275 1326 493 1390 ecelesiasticis
519 1327 684 1389 ealbatis
703 1330 734 1389 et
755 1329 961 1408 vectigalibus
990 1328 1087 1391 civili·

156 1425 228 1500 bas,
238 1422 318 1484 adeo
326 1425 361 1482 ut
369 1419 535 1482 sinevcnia
544 1421 738 1484 auctoritatis
750 1422 967 1486 ecelesiastica
974 1421 1091 1488 talibus

158 1515 306 1579 oneribus
321 1513 433 1595 subjici
451 1513 660 1592 nonpossint.

198 1612 365 1688 Quousque
380 1611 565 1670 conservata
577 1612 625 1670 ast
637 1609 808 1671 concordia
825 1610 908 1672 inter
929 1608 1091 1672 ccclesias·

157 1703 253 1766 ticam
264 1705 295 1764 et
307 1700 433 1762 civilem
447 1701 686 1780 auctoritatem,
701 1721 863 1782 nunquam
878 1703 1036 1783 principes
1048 1702 1093 1764 ci·

157 1795 235 1859 viles
250 1795 289 1856 de
309 1794 425 1856 talibus
441 1795 588 1856 Ecclesiae
603 1795 728 1876 juribus
743 1800 775 1859 et
789 1796 1038 1877 exemptionibus
1056 1813 1093 1858 aa

156 1888 329 1971 privilegiis
351 1888 511 1969 querclam
528 1895 734 1968 posuerunt3
756 1889 852 1950 immo
869 1894 969 1952 totam
984 1905 1094 1950 curam

157 1981 377 2063 impenderunt
390 1984 425 2042 ut
434 1980 516 2043 civili
531 1981 693 2044 sanctione
705 1982 781 2044 talia
789 1982 954 2062 privilegia
967 1986 1093 2044 tueren-

157 2080 210 2138 tur
224 2079 255 2138 et
268 2074 508 2155 amplificarent.

199 2172 262 2232 Nec
275 2168 348 2230 inde
364 2168 504 2248 aliquam
517 2170 616 2234 status
635 2167 741 2228 civiles
752 2165 910 2247 jacturam
932 2169 983 2229 vel
998 2167 1095 2230 datri-

159 2268 301 2324 mentum
323 2261 409 2341 passi
434 2265 532 2336 sunt3
554 2260 650 2322 immo
672 2260 842 2322 maximam
868 2259 1034 2322 utilitatem
1060 2261 1093 2320 in

60 2375 62 2380 ·
159 2355 292 2436 publicis
305 2371 476 2434 regnorum
496 2352 727 2416 calamitatibus
744 2353 863 2433 experti
884 2358 978 2431 sunt,
996 2371 1093 2434 quan·

159 2451 224 2510 tam
238 2465 302 2510 non
316 2448 527 2527 suscepissent
552 2466 589 2508 ex
608 2446 689 2509 taxis
703 2445 986 2508 contributionibus
1003 2464 1095 2509 aca-

157 2542 234 2605 teris
248 2541 326 2604 solvi
342 2541 509 2602 consuetis.
527 2539 668 2620 Namque
694 2540 793 2602 saeris
809 2539 980 2602 canonibus
995 2538 1095 2602 sanci-

158 2639 225 2697 tum
238 2638 285 2697 est
302 2633 443 2710 societati
459 2633 543 2695 cirili
557 2653 652 2714 quam
673 2651 750 2695 vera
769 2633 938 2696 necessitas
957 2633 1091 2714 premit,

159 2745 252 2809 opem
267 2727 480 2807 auxiliumque
493 2727 633 2790 debonis
648 2727 796 2789 Ecclesia
815 2727 982 2788 ferendum
1000 2746 1067 2788 esse
1083 2772 1092 2804 ‚

159 2822 264 2902 prouti
276 2822 317 2884 ab
330 2820 470 2883 Ecclesia
484 2837 609 2899 semper
622 2821 741 2882 factum
755 2821 869 2898 luisse,
898 2824 930 2882 et
950 2821 1095 2900 ingentes

158 2933 284 2996 semper
294 2914 475 2996 largitiones
490 2913 599 2974 iecisse
614 2913 720 2975 multis
735 2913 885 2993 exemplis
900 2914 1095 2974 demonstrat

158 3008 382 3072 'thomassinus
398 3007 471 3088 (vet.
494 3010 526 3068 et
547 3024 619 3068 nov.
639 3006 786 3067 Ecclesiae
807 3005 981 3084 disciplina,
999 3024 1030 3084 p.
1047 3007 1091 3083 3,

158 3104 179 3164 l.
192 3107 221 3181 l,
234 3121 261 3164 c.
277 3101 392 3181 E,699).
416 3104 538 3164 Aurum
561 3100 645 3162 euim
661 3099 717 3178 (sic
730 3099 926 3176 Ambrosius,
948 3101 993 3158 De
1008 3097 1090 3160 ollio.
1115 3133 1117 3136 ·

158 3196 342 3274 ministror.,
359 3215 387 3258 c.
401 3195 451 3276 28)
470 3193 610 3257 Ecclesia
624 3192 719 3255 hahet
733 3210 797 3256 non
806 3197 842 3255 ut
855 3195 971 3270 servet,
980 3191 1037 3254 sed
1060 3195 1095 3254 ut

159 3294 268 3372 eroget
302 3295 333 3352 et
361 3285 527 3352 subreniat
558 3288 590 3349 in
612 3284 861 3349 necessitatibus.
899 3288 965 3348 Hoc
988 3288 1093 3349 autem

158 3383 315 3463 faciendo,
332 3383 523 3447 utadvertit
534 3380 708 3462 Roncaglia
725 3380 758 3442 in
770 3379 851 3441 notis
864 3380 904 3441 ad
914 3382 982 3442 Nat.
1002 3380 1090 3442 Alex.

158 3479 273 3546 saeculo
294 3481 557 3558 x111etxrv‚non
579 3471 927 3558 solamgratitudinem
948 3475 1095 3538 demons-
