2586 4020
523 269 562 314 nn
583 265 722 314 aculeus.
1060 255 1100 316 99

166 410 210 476 ita
224 411 276 474 bio
286 410 478 474 conscientia
491 412 575 473 bona
584 411 723 490 gaudere
733 409 881 490 videtur);
895 411 1097 490 iugatamau,

166 505 233 567 sive
247 510 329 583 post,
347 503 412 566 sive
433 510 505 567 aute
520 502 770 584 inquisitionem,
786 507 840 566 aut
855 504 1097 582 accusationem,

165 596 251 659 metu
272 602 378 659 tamen
402 596 496 678 hujus
522 597 652 673 futura,
675 614 733 657 neo
758 597 962 676 semiplenam
984 598 1100 678 proba-

165 690 284 752 tionem
307 688 392 766 facit,
418 689 473 748 sed
500 689 602 750 levem
627 694 750 752 tautum
774 689 1009 768 suspicionem:
1027 709 1099 754 anm

165 783 267 862 magis
282 782 430 861 praesnmi
442 781 555 844 debeat
569 781 697 861 fugisse,
710 782 750 843 ad
764 782 985 844 declinandum
995 783 1100 846 multis
1218 807 1220 810 ·

165 894 296 958 gravem
306 874 489 955 judicialem
502 893 696 958 processum,
711 893 806 955 quam
821 876 861 937 ob
876 876 1100 939 conscientiam

166 967 319 1045 criminis,
345 968 403 1028 nisi
425 969 501 1046 fuga
522 967 590 1048 ipsa
613 968 794 1048 specificam
818 968 967 1032 (lebetum
987 969 1018 1030 in
1043 969 1098 1030 tali

165 1079 301 1144 persona
315 1064 406 1138 esset,
419 1060 463 1122 uti
476 1061 557 1141 fugit
569 1061 599 1121 in
615 1061 724 1140 milite,
738 1065 792 1123 aut
801 1061 876 1142 fuga
886 1063 977 1124 ficret
989 1082 1027 1124 ex
1040 1082 1099 1144 pu-

164 1155 247 1218 blico
263 1171 400 1231 carcere,
418 1172 490 1214 cum
501 1153 594 1235 hujus
610 1155 801 1232 attractione,
813 1173 882 1234 quae
897 1156 972 1235 fuga
983 1156 1099 1217 iudicia

166 1246 304 1312 oriminis
316 1247 401 1324 iacit,
414 1246 525 1307 saltem
541 1247 581 1308 ad
597 1247 775 1326 graviorem
787 1252 1100 1328 torturam,etp1·op·

165 1348 214 1402 ter
228 1340 376 1401 violatam
386 1339 547 1419 publicam
561 1339 747 1416 custodiam,
755 1357 851 1418 poena
862 1339 994 1419 dignum
1005 1341 1099 1403 faciat

164 1433 269 1495 taliter
283 1433 466 1512 fugientem.

207 1529 322 1598 Quarto
350 1525 402 1605 qui
425 1545 463 1586 ex
484 1525 607 1586 duobus
626 1525 685 1586 sibi
703 1524 833 1606 objectis
856 1543 956 1588 nuum
976 1529 1099 1588 tantum

166 1626 275 1698 negat,
292 1618 494 1698 praesumitur
512 1618 646 1679 alterum
663 1617 757 1679 tacite
779 1618 882 1696 fateri,
903 1619 976 1699 quia
990 1618 1021 1680 iu
1041 1619 1097 1680 tali

166 1731 260 1791 casu,
283 1712 316 1772 in
338 1731 401 1792 quo
420 1717 524 1789 potest
547 1711 791 1773 contradicendo
804 1711 957 1792 impedire
970 1718 1095 1792 actum,

162 1805 358 1867 taciturnitas
370 1823 427 1883 pro
441 1803 636 1866 confessione
652 1804 797 1882 babetur,
806 1824 844 1866 ex
854 1805 1097 1886 praesumptione

163 1899 280 1961 scilicet
290 1897 388 1980 juriS,
407 1914 476 1978 quae
492 1897 605 1978 saepins
626 1897 722 1974 fallit,
741 1904 772 1958 et
786 1898 838 1959 vix
849 1898 954 1960 locum
976 1898 1093 1976 habet,

161 1991 220 2053 uisi
235 1990 477 2053 circumstantias
492 1990 573 2050 bene
587 1990 818 2071 expendantur.

203 2085 316 2158 Quinto
332 2083 465 2144 vicarius
482 2083 731 2161 praesumitorea
744 2083 834 2160 scire,
855 2101 925 2164 quae
940 2084 972 2146 in
986 2083 1099 2146 vicinia
1187 2122 1194 2136 ι

162 2178 342 2239 factasunt.
360 2175 393 2238 Si
413 2182 520 2236 tamen
537 2175 621 2236 iacta
634 2175 710 2236 talia
723 2175 802 2253 sint,
820 2195 890 2257 quae
910 2180 997 2254 sunt,
1014 2195 1097 2240 com-

162 2271 301 2333 muniter
314 2275 389 2329 uota
400 2269 433 2328 in
447 2268 502 2328 tali
516 2268 597 2344 loco,
610 2273 665 2328 aut
678 2272 823 2330 teneatur
834 2269 873 2329 de
886 2268 935 2329 his
946 2288 984 2328 ex
994 2269 1096 2330 officio

162 2364 320 2444 inquirere
335 2361 366 2422 iu
382 2362 464 2423 facta
484 2361 622 2435 viciuiae3
640 2360 672 2421 in
686 2361 754 2422 aliis
769 2361 853 2424 enim
869 2361 992 2422 casibus
1006 2379 1097 2440 regu·

162 2457 271 2519 lariter
295 2454 473 2535 ignorantia
497 2454 571 2518 tacti
596 2455 816 2532 praesumitur,
842 2455 943 2517 donec
966 2454 1097 2518 scientia

162 2551 325 2631 probetur.

201 2644 324 2706 XXXV.
343 2639 503 2704 Generalis
516 2641 625 2721 regula
639 2649 686 2703 est
708 2662 715 2703 :
733 2643 819 2722 quod
833 2643 965 2724 quilibet
977 2659 1099 2722 proesu·

163 2739 267 2798 matur
282 2735 393 2812 bonae,
407 2735 458 2796 vel
472 2734 603 2796 idoneus
616 2734 655 2796 ad
667 2735 817 2814 officium,
833 2735 1033 2812 beneficium,
1045 2735 1096 2796 vel

163 2836 269 2892 actum
285 2829 434 2909 aliquem,
460 2827 519 2889 uisi
542 2828 732 2890 contrarium
752 2830 913 2909 probetur.
941 2828 972 2890 Si
996 2827 1095 2908 qnali-
1145 2897 1151 2910 ¹

161 2927 259 3000 talea,
282 2923 321 2984 de
346 2922 460 3002 quibus
482 2922 702 3001 presumitur,
728 2922 791 2983 sint
812 2923 1006 2998 intrinsecae,
1038 2939 1095 2981 seu

79 3023 82 3028 '
160 3016 331 3094 naturales,
349 3034 412 3077 nou
427 3021 533 3076 autem
548 3015 573 3076 si
587 3014 649 3075 sint
660 3033 746 3076 mere
761 3015 955 3090 extrinseca,
969 3018 1000 3074 et
1015 3011 1095 3074 acci·

161 3109 312 3185 dentales,
321 3109 430 3190 quales
443 3114 516 3169 sunt
527 3106 682 3170 studuisse
691 3107 724 3168 in
734 3107 923 3180 Academia3
941 3123 1009 3166 esse
1023 3105 1094 3166 doa-

159 3202 330 3280 torem,vel
338 3201 621 3282 graduatum,qnae
631 3200 757 3280 probari
765 3199 941 3275 debent3et
951 3199 1094 3278 quamvis

161 3295 200 3360 de
224 3294 402 3360 intrinsecis
427 3295 522 3356 etiam
547 3294 749 3375 qualitatibus
768 3311 892 3356 morum
916 3291 1094 3372 integritate
1132 3363 1134 3368 ,

160 3389 308 3470 legitimis
318 3388 488 3466 natalibus,
506 3395 580 3467 eta,
592 3405 781 3468 promovens
794 3387 952 3469 inquirere
966 3383 1091 3462 debeat,

160 3484 196 3548 fit
209 3486 315 3546 tamen
330 3481 536 3564 praesumptio
551 3499 608 3562 pro
622 3481 737 3546 talibus
752 3481 964 3564 qualitatibus,
982 3476 1008 3542 si
1023 3480 1094 3558 post
