2584 4022
516 343 556 388 us
575 342 713 392 rnnrcrrs.
1044 334 1082 414 67

154 485 302 564 implicite
314 484 560 566 propositionem
579 486 798 550 affirmativam
820 486 1019 568 continendo,
1036 489 1084 550 di-

153 584 240 640 recte
265 577 359 640 etiam
382 595 420 642 ee
443 579 570 660 probari
591 585 713 660 potest,
739 579 896 660 quomodo
917 581 1031 660 probat
1048 601 1083 644 sc

154 690 216 734 non
229 672 327 734 libere
342 673 549 750 renuntiasse,
567 673 620 753 qui
634 673 747 753 probat
760 679 905 737 coactum
919 691 953 736 se
967 691 1084 736 renun-

152 765 264 840 tiasse3
281 765 332 826 vel
354 767 479 845 quando
500 773 609 828 eontra
631 765 710 848 juris
733 767 1010 846 praesumptionem
1031 787 1084 828 ne·

152 863 249 936 gatur
272 858 306 918 in
320 857 424 938 aliquo
439 859 572 938 qualitas
587 859 626 919 de
642 858 714 939 jure
728 859 897 940 requisita,
916 859 1000 938 quod
1014 878 1084 942 pro-

153 951 221 1013 bari
238 951 341 1028 debet,
359 951 433 1030 qnia
447 951 576 1032 quilibet
585 951 786 1032 praesumitur
796 970 864 1012 esse
874 951 1016 1032 idoneus,
1024 953 1085 1015 nisi

155 1043 347 1130 eontrarium
361 1044 521 1123 probetur.

193 1136 257 1198 Sed
283 1137 352 1218 quis
366 1137 501 1216 probare
516 1135 629 1200 debeat
644 1137 674 1198 io
690 1136 811 1216 judiciis
824 1137 1034 1216 communibus,
1053 1145 1085 1200 et

154 1230 311 1310 quomodo
324 1230 526 1309 probationes
543 1230 704 1311 utriusque
720 1230 819 1309 partis
830 1230 980 1310 litigantis
998 1232 1082 1308 fieri,

154 1326 185 1384 et
199 1321 296 1400 recipi
310 1321 445 1384 debeant
459 1323 491 1384 in
500 1322 664 1384 interdicto
675 1322 846 1384 retinendae
861 1323 1084 1402 possessionis?

152 1416 188 1475 ln
190 1413 317 1496 judiciis
324 1415 622 1492 eommunibns‚siva
633 1414 809 1494 duplicibus
818 1414 1083 1496 (cujusmodisunt

153 1507 222 1568 haec
242 1507 303 1568 tria
321 1507 460 1570 Familiae
473 1506 702 1584 herciscundae,
718 1507 881 1571 Communi
898 1506 1080 1586 dividundo,

153 1605 185 1660 et
204 1599 327 1670 Fininm
345 1600 584 1680 regundorum),
597 1603 729 1682 uterque
744 1600 934 1680 litigantium
947 1601 1083 1680 probare

155 1691 258 1768 debet,
276 1692 350 1772 quia
379 1693 510 1772 quilibet
529 1693 621 1754 simul
645 1697 732 1755 autor
750 1699 782 1754 et
802 1712 874 1754 reus
892 1697 940 1755 est
955 1715 962 1755 ε
976 1700 1082 1755 tamen

155 1785 209 1864 qui
223 1784 309 1862 prior
322 1785 364 1846 ad
375 1784 528 1865 judicium
538 1787 731 1866 provocavit,
745 1786 845 1866 magis
858 1787 971 1852 actoris
988 1806 1082 1867 quam

153 1876 198 1939 rei
209 1877 314 1939 locum
329 1877 433 1954 habet,
448 1882 479 1939 et
493 1879 578 1956 prior
590 1879 628 1939 de
643 1879 800 1940 columnia
814 1878 918 1959 iurare
934 1880 1039 1942 debet.

193 1968 580 2033 lninterdictoretinendae
590 1972 939 2056 possessionisquando
949 1980 1082 2055 utraque

153 2080 225 2142 pars
240 2062 400 2124 contendit
413 2081 446 2124 se
460 2063 492 2123 iu
510 2063 645 2126 solidum
661 2064 820 2146 possidere
836 2065 982 2128 eamdem
996 2084 1080 2143 rem,

153 2157 285 2234 uterque
299 2173 371 2216 reus
392 2161 422 2216 et
442 2162 529 2218 actor
548 2163 610 2234 est,
632 2158 841 2238 etutriusque
856 2159 954 2239 partis
970 2160 1083 2240 proba·

153 2247 253 2309 tiones
277 2247 411 2329 ajudiee
431 2248 528 2328 recipi
544 2249 673 2326 debent,
698 2253 766 2310 tum
781 2249 997 2328 possessionis,
1013 2257 1082 2311 tum

153 2339 245 2417 tituli,
254 2340 279 2402 si
295 2343 427 2402 offerant
439 2359 472 2402 se
483 2340 523 2400 ad
535 2341 623 2402 illum
633 2341 843 2420 probandum,
853 2347 888 2402 ut
904 2341 1014 2402 exinde
1028 2359 1082 2419 ap-

153 2439 273 2512 pareat,
291 2451 347 2511 pro
364 2451 426 2512 qna
440 2438 530 2512 parte
540 2433 807 2512 pronuntiandum
822 2433 976 2510 sit,velut
986 2450 1082 2513 appa-

153 2529 221 2587 reat
234 2525 305 2605 quis
317 2524 432 2587 habeat
444 2526 672 2605 possessionem
687 2525 906 2606 antiquiorem.

192 2618 245 2678 lX.
270 2619 381 2680 Utrum
392 2637 464 2679 rens
479 2621 623 2680 teneatur
638 2619 879 2686 echibereuctori
892 2620 933 2682 ad
948 2621 1082 2700 proban-

154 2709 227 2771 dam
237 2709 441 2773 intentionem
454 2711 605 2794 ejusdem,
616 2713 818 2791 iustrumenta,
827 2732 883 2782 seu
894 2714 1083 2774 documenta

153 2809 264 2864 contra
278 2804 335 2864 se?
350 2807 381 2865 et
396 2822 436 2864 an
451 2810 553 2890 actor,
576 2807 704 2886 quando
721 2806 812 2885 plene
834 2806 995 2886 probavit,
1013 2805 1082 2885 cogi

153 2896 251 2974 possit
272 2895 313 2957 ad
333 2895 525 2976 jurandum?
540 2901 622 2958 Reus
641 2899 673 2958 in
691 2898 810 2978 judicio
826 2901 996 2960 conventus
1020 2915 1082 2958 non

152 2992 278 3050 tenetur
296 2988 442 3049 exhibere
455 2989 583 3068 propria
596 2989 803 3052 instrumenta
816 2989 913 3050 actori
926 2991 1033 3049 contra
1048 3006 1081 3048 se

153 3080 194 3144 ad
206 3080 492 3143 fundandomillius
505 3081 709 3144 intentionem
725 3083 837 3162 (neque
853 3080 936 3141 enim
951 3080 1082 3160 {equitas

36 3197 37 3200 ¹
153 3174 315 3254 permittit,
323 3180 436 3235 atreus
445 3180 555 3236 eontra
567 3193 599 3234 se
611 3179 749 3234 actorem
760 3175 914 3234 instruere
924 3173 1078 3253 cogatur),

153 3267 212 3328 nisi
223 3267 440 3342 instrumenta,
459 3284 527 3346 quae
541 3265 680 3327 exhiberi
692 3269 851 3344 petuntur,
868 3285 931 3330 non
944 3269 1009 3330 tam
1020 3267 1082 3330 sint

153 3359 281 3438 propria
298 3359 400 3436 unius,
416 3378 511 3439 quam
526 3359 705 3422 communia
720 3360 843 3440 utrique
864 3361 956 3440 parti,
971 3361 1021 3424 vel
1033 3380 1081 3422 ro-

152 3450 238 3512 tione
252 3451 463 3531 proprietatis,
479 3452 530 3514 vel
544 3452 664 3514 ratione
675 3471 789 3530 causae,
802 3453 852 3514 vel
863 3453 988 3538 qnando
998 3453 1081 3514 facta

15 3581 16 3596 κ
154 3549 293 3624 suntpro
309 3544 452 3608 cautione
466 3545 615 3624 plurium,
632 3545 682 3609 vel
702 3545 883 3628 quodfacto
897 3547 958 3608 sint
976 3563 1081 3625 aper-
