2586 4020
552 295 591 342 un
613 297 751 346 sonions.
1055 285 1111 348 {33

223 443 260 505 11.
278 440 402 504 Deole'is
412 441 559 504 nonnullis
570 441 718 521 effectibus
729 442 902 504 sententiae.
921 443 1113 519 Pluressunt

183 536 279 598 etiem
292 534 344 595 elii
357 535 486 596 effeetus
498 536 659 597 sententiae
676 535 854 597 definitiva.
867 537 906 597 nt
927 536 1027 614 primo
1043 536 1113 616 qui-

183 629 268 706 dem,
285 629 370 708 quod
394 645 451 706 per
470 627 558 688 illem
579 628 632 704 lis,
657 647 712 690 seu
731 627 946 690 controversia
964 630 1110 707 finietur,

182 723 291 784 sultam
308 720 413 801 quoad
426 721 608 783 instantiam
618 720 745 802 judieii,
761 739 840 782 oum·
846 721 946 802 judex
958 722 1114 784 sententie

184 813 419 876 definitivalate
436 811 561 875 funotns
580 815 620 875 sit
638 832 695 876 suo
717 813 841 892 offioio,
858 817 890 877 et
915 815 1019 896 quood
1032 815 1113 876 hano

184 925 311 968 oausam
317 905 416 986 judex
430 923 498 968 esse
513 906 654 980 desinet;
671 907 815 986 quamvis
829 908 943 969 eodem
955 908 1026 985 die,
1050 925 1112 986 quo

183 999 254 1060 tulit
266 999 469 1076 sententiam,
488 1000 634 1078 supplere
651 999 756 1061 adhue
768 999 884 1078 possit,
897 1017 967 1080 ques
982 1001 1023 1062 ed
1041 1017 1113 1062 oau-

182 1111 251 1156 sem
271 1092 496 1172 consequentia
510 1096 664 1171 spectent,
681 1097 716 1155 ut
729 1093 754 1154 si
775 1093 880 1155 omisit
902 1094 1112 1170 condemnere

184 1186 225 1247 ed
241 1203 393 1263 expensas
406 1183 491 1261 litis,
520 1184 571 1246 vel
596 1185 637 1246 ad
664 1185 784 1247 fruetus
811 1186 1032 1264 restituendos,
1050 1190 1109 1248 eto.

182 1280 282 1340 Immo
295 1278 321 1338 si
332 1276 509 1339 ordinarius
520 1276 618 1358 judex
641 1280 698 1355 est,
716 1295 780 1338 nou
800 1282 924 1340 tantum
950 1279 1112 1340 declarare

182 1371 384 1452 postmodum
393 1374 495 1449 potest
508 1370 695 1432 sententiam
711 1389 731 1431 e
746 1390 780 1432 se
792 1370 1017 1433 letemnullem
1029 1379 1109 1450 esse,

183 1464 240 1526 sed
254 1464 356 1525 denuo
367 1480 495 1524 oausam
509 1463 605 1524 talem
626 1481 664 1524 ex
680 1464 803 1544 integro
822 1482 983 1526 resumere
997 1466 1110 1543 potest,

183 1557 257 1637 quia
277 1556 395 1619 nullam
427 1555 616 1618 sententiam
644 1554 773 1619 ferendo
798 1575 861 1620 non
879 1560 1038 1633 ,censetur
1056 1575 1112 1620 suo
1198 1576 1202 1594 ·

184 1649 286 1711 officio
301 1649 435 1711 functus.
1085 1713 1086 1716 ,

120 1754 124 1760 ’
224 1742 398 1819 Secundus,
421 1743 493 1804 latae
515 1742 677 1821 senteutiae
704 1741 872 1804 definitivae
899 1744 1028 1806 effeetus
1049 1739 1113 1804 diei

183 1834 297 1914 potest,
312 1835 398 1914 quod
412 1851 450 1896 ea
463 1853 482 1896 a
496 1834 668 1913 superiore,
685 1835 712 1896 si
721 1834 790 1911 rite,
802 1835 922 1916 etjuste
932 1835 997 1897 leta
1007 1834 1057 1912 sit,
1073 1835 1114 1897 sit

111 1976 114 1980 .
184 1925 408 2004 oonfirmande‚
424 1927 451 1988 si
465 1927 612 1988 nimirum
629 1927 823 1990 confirmatio
833 1927 904 1989 talis
919 1945 939 1988 a
953 1927 1114 2006 superiore

185 2019 342 2098 postulata
355 2019 469 2082 suited
486 2019 588 2100 majus
607 2019 726 2082 soilioet
736 2019 808 2082 lata
827 2020 989 2084 sententie
1003 2019 1110 2083 robur.

223 2112 345 2175 Tertius
360 2115 487 2175 effeetus
508 2112 569 2174 diei
591 2116 712 2192 potest,
732 2112 816 2192 quod
844 2114 964 2175 nullum
990 2113 1031 2176 sit
1050 2131 1113 2175 res·

77 2271 79 2274 ,
185 2206 320 2284 oriptum
334 2211 445 2270 eontra
458 2205 646 2268 seutentiam
664 2206 751 2284 prius
774 2203 873 2267 latam
890 2205 1111 2287 impetratum

184 2296 210 2360 si
223 2296 317 2378 hujus
332 2316 395 2360 non
408 2297 606 2375 nomentio,
624 2300 656 2359 et
666 2301 895 2378 oonsequenter
910 2298 1006 2360 etiam
1021 2297 1115 2359 oolla-

183 2391 239 2469 tio,
253 2411 284 2454 v.
300 2410 345 2471 g.,
362 2391 518 2469 beneficii,
530 2391 557 2452 si
568 2389 652 2453 faeta
663 2389 722 2452 fuit
735 2389 838 2451 vitalis
852 2389 1007 2470 reeoripti,
1029 2389 1116 2451 nulla

100 2545 104 2554 ,
185 2483 254 2561 erit,
266 2482 434 2545 verisimile
450 2484 534 2544 enim
548 2487 606 2561 est,
627 2482 712 2564 quod
727 2484 825 2561 Papa,
842 2501 872 2545 v.
893 2501 956 2564 gn,
972 2483 1034 2546 tale
1049 2501 1116 2546 res·

185 2576 321 2654 criptum
335 2593 614 2640 oonoessurusnon
635 2576 764 2654 fuisset,
783 2579 894 2638 eontra
915 2577 1113 2654 sententiam,

186 2671 241 2730 aut
252 2659 540 2747 pronuntiationem
553 2669 641 2749 prius
662 2687 728 2732 ase
743 2669 860 2732 fantem
880 2689 953 2733 oum
973 2689 1066 2735 nemo
1082 2670 1116 2731 iu

186 2761 283 2823 dubio
297 2768 507 2841 presumatur
520 2762 811 2842 propriumfaotum
837 2761 1035 2842 impugnare,
1060 2762 1116 2824 sed

186 2851 290 2933 potius
303 2856 512 2932 praesumatur
532 2854 783 2932 circumventus,
807 2855 851 2917 ita
873 2859 909 2918 ut
932 2873 990 2917 nee
1012 2859 1115 2918 motus

186 2945 335 3025 proprius
356 2946 635 3026 praeumptionem
653 2947 724 3025 hae,
741 2965 812 3028 quae
823 2945 925 3027 juris,
942 2948 1027 3010 etde
1044 2947 1117 3027 juro

187 3042 246 3116 eet,
260 3039 408 3120 corrigat.

229 3133 364 3204 Quartus
384 3134 513 3194 effeetus
539 3131 701 3193 sententia
727 3131 895 3194 definitiva
920 3132 983 3194 diei
1001 3135 1114 3212 potest,

187 3223 273 3305 quod
284 3223 441 3286 interdum
451 3225 570 3304 irroget
579 3223 740 3284 infamiam
749 3242 804 3285 reo
815 3225 1035 3304 condemnato,
1044 3243 1117 3306 qua·

132 3347 134 3352 ,
185 3315 257 3379 liter
265 3315 385 3396 injure,
394 3318 543 3380 statuitur
556 3316 595 3379 de
605 3317 821 3379 condemnetis
831 3316 863 3379 in
879 3333 974 3380 eausa
985 3319 1117 3401 injuria·
1184 3332 1186 3336 ’

185 3427 267 3488 rum,
289 3409 354 3470 sive
365 3410 507 3488 uiriliter,
520 3410 586 3472 sive
601 3407 805 3472 criminaliter
813 3409 851 3472 de
864 3411 980 3493 injuria
991 3417 1113 3494 agatur.

228 3503 362 3579 Quintus
377 3502 513 3585 denique
528 3505 657 3570 effeetus
679 3503 841 3570 sententie
865 3505 1033 3570 definitive
1056 3505 1117 3574 diei

260 3623 323 3668 ren.
344 3623 384 3670 ιιι.
1030 3612 1046 3674 t
