2584 4022
155 253 175 326 4?
345 277 576 326 ruarmurroncs
596 275 678 325 runrs
697 277 856 326 ¹criminor.

154 407 392 490 applicandam,
410 409 475 471 sive
489 409 531 470 ad
544 409 695 472 interesse
710 409 880 489 privatum,
897 409 1013 474 dicitur
1024 409 1087 476 ori·

153 502 269 564 minsle
278 500 433 583 J‘udieinm
448 502 581 565 civiliter
593 502 742 577 tractari;
767 499 932 566 tutamen
948 507 989 567 ut
1001 506 1087 588 quod

153 595 320 676 participat
329 595 368 658 dc
383 599 526 678 utroque,
537 596 670 660 mixtum
680 595 837 677 judicium
848 595 981 675 dicatur,
992 598 1086 679 quin-

152 688 216 751 imo
247 689 360 768 saepius
393 689 509 768 duplex
536 688 618 752 actio
650 689 784 769 poenalis
813 687 962 768 injuriam
991 709 1083 770 passo

153 781 323 862 competit,
346 781 444 843 civilis
464 799 542 858 una,
565 799 634 862 quac
653 781 754 844 tendit
775 781 816 842 ed
837 799 964 859 poenam
985 783 1086 846 actori

153 874 388 954 applicandam
406 874 505 936 altera
519 873 708 949 criminalis,
726 891 796 952 quse
810 873 912 936 tendit
925 874 966 935 ad
984 875 1085 954 publi-

152 985 222 1029 cem
236 966 425 1048 vindictam,
442 963 480 1028 ac
491 965 576 1045 optio
596 965 688 1027 datur
701 964 849 1044 injuriam
864 984 967 1044 passo,
986 985 1082 1047 quam

151 1057 962 1134 velitactioneminstituere,itatamcnutunacarum
970 1059 1080 1140 electe,

151 1153 250 1214 altera
262 1152 329 1232 ipso
339 1151 410 1232 jure
423 1151 552 1214 tollatur
564 1151 647 1230 (cum
660 1153 793 1231 utraque
801 1150 934 1228 poenalis
946 1151 1010 1232 sit),
1021 1153 1081 1216 nisi

148 1245 188 1308 sit
199 1263 233 1306 re
247 1248 368 1307 tantum
382 1243 615 1323 persecutoria,
637 1260 707 1323 quae
722 1260 780 1322 per
794 1242 913 1304 nullam
925 1244 1081 1329 actionem

148 1357 234 1400 mere
248 1338 407 1418 poenalem
420 1337 550 1400 tollitur.

188 1432 226 1494 ll.
251 1431 385 1504 Quinam
399 1430 432 1491 in
443 1429 562 1509 judicio
581 1447 687 1509 agere,
704 1428 755 1490 vel
768 1429 928 1490 conveniri
941 1431 1079 1510 possint,

147 1525 198 1586 vel
220 1542 284 1585 non
303 1522 445 1610 possint?
464 1523 523 1595 Qui
542 1539 711 1600 personam
731 1520 904 1601 legitimam
923 1523 1028 1586 standi
1047 1524 1079 1585 in

144 1616 263 1698 judicio
272 1615 430 1694 hebent,ii
440 1632 545 1694 egere,
558 1618 589 1676 et
599 1612 758 1676 conveniri
769 1618 910 1694 possunt,
923 1614 1081 1695 ingerere

147 1709 316 1791 loquendo.
335 1710 368 1770 In
385 1708 488 1788 specie
503 1725 590 1784 vcro,
602 1706 703 1785 primo
717 1709 837 1768 certum
851 1710 908 1784 est,
926 1708 1011 1788 quod
1025 1727 1081 1788 pu·

147 1803 240 1882 pillus
250 1803 320 1863 sine
330 1799 441 1864 tutoris
454 1799 650 1876 auctoritate,
664 1817 722 1860 neo
732 1815 837 1879 agere,
850 1817 908 1872 nec
921 1802 1082 1882 conveniri

148 1895 306 1975 injudicio
317 1893 426 1975 possit.
436 1893 582 1956 Secundo
592 1895 713 1957 certum
723 1891 895 1972 estdejure
906 1894 1078 1974 communi,

79 2044 80 2047 ,
149 1988 234 2070 quod
252 1987 355 2049 minor
376 1989 415 2050 25
436 1985 526 2048 annis
549 1984 723 2065 legitimam
737 2003 905 2064 personam
924 1987 1027 2048 standi
1046 1987 1079 2048 in

144 2079 264 2161 judicio
279 2097 343 2142 non
357 2078 491 2154 habeat,
509 2077 568 2138 nisi
583 2077 611 2139 ei
627 2080 764 2154 curator,
780 2077 893 2140 saltem
915 2079 957 2140 ad
969 2079 1077 2158 litem,

148 2173 239 2235 datus
258 2171 298 2234 sit
313 2171 365 2252 (oh
382 2169 538 2251 judicium
551 2169 670 2232 scilicet
690 2169 831 2232 nondum
852 2170 894 2232 ad
907 2171 977 2234 lites
1002 2171 1078 2234 satis

147 2263 332 2344 maturum),
348 2263 407 2326 nisi
420 2263 525 2327 minor
536 2263 618 2342 talis,
636 2262 689 2343 qui
703 2262 890 2343 vigesimum
904 2267 1010 2326 tamen
1025 2283 1082 2332 an·‚

146 2377 220 2421 num
228 2359 295 2438 jam
307 2357 459 2438 implevit,
473 2357 598 2430 veniam
609 2355 708 2419 atatis
723 2355 949 2436 impetraverit,
962 2357 1085 2438 agendi.

144 2450 312 2531 injudicio
332 2453 429 2513 etiam
447 2451 514 2511 sinc
536 2454 695 2524 curatore;
718 2453 773 2511 aut
793 2449 819 2511 si
835 2453 873 2510 ll
887 2469 1006 2512 annum
1020 2449 1082 2530 im:

144 2541 251 2620 plevit,
259 2545 295 2604 et
305 2543 389 2618 agat,
400 2541 450 2608 vel
460 2541 664 2602 conveniatur
672 2541 705 2600 in
716 2540 818 2602 causis
828 2541 1075 2620 beneficialibus,

145 2637 200 2699 eut
213 2633 281 2693 aliis
293 2629 517 2710 spiritualibus,
532 2631 582 2691 vel
596 2631 645 2692 his
659 2631 788 2691 annexis
805 2631 960 2710 (quamvis
972 2633 1077 2712 impu·

144 2726 245 2802 bores,
267 2740 369 2805 neque
391 2722 423 2784 in
442 2721 491 2783 his
506 2721 608 2784 causis
629 2721 697 2783 sine
710 2725 813 2804 tutore
828 2740 923 2804 agere
937 2724 1072 2804 possint,

142 2817 276 2896 puberes
289 2819 396 2878 tamen
419 2816 450 2877 in
474 2814 568 2895 hujus
591 2813 677 2877 modi
701 2815 805 2877 causis
819 2820 988 2880 censentur
1005 2835 1073 2880 esse

143 2909 302 2991 majores),
313 2913 367 2971 aut
381 2911 586 2990 agattnntum
595 2907 744 2971 minor25
758 2908 848 2970 annis
864 2909 896 2970 in
915 2928 1076 2990 possesso·

143 3003 200 3080 rio,
213 3004 252 3076 de
266 3002 493 3082 recuperanda,
510 3002 560 3062 vel
575 3000 745 3064 obtinenda
759 3001 966 3080 possessione.
1081 3063 1082 3066 ,

159 3141 162 3144 -
182 3098 226 3156 De
241 3097 464 3175 tilio-familias,
485 3096 629 3177 quamvis
638 3094 740 3178 major
752 3095 792 3158 sit
802 3099 841 3158 25
857 3096 964 3175 annis,
988 3096 1072 3180 quod

142 3206 198 3249 suo
214 3190 359 3267 nominc,
383 3197 414 3252 et
434 3189 466 3250 in
479 3207 574 3251 causa
593 3188 735 3268 propria,
754 3188 848 3250 etiam
862 3189 968 3269 quoad
988 3189 1073 3254 bona

141 3281 314 3344 adventitia
328 3282 403 3362 (sive
418 3287 509 3361 pater
518 3281 748 3344 usumfructum
757 3280 857 3343 inillis
868 3281 994 3360 habeat,
1006 3283 1072 3345 sive

141 3375 227 3456 non),
241 3375 427 3454 regulariter
439 3379 470 3438 ct
482 3374 639 3437 ordinarie
654 3374 685 3434 in
693 3374 814 3454 judicio
822 3393 927 3456 agere,
938 3381 993 3436 aut
1005 3393 1072 3438 res-

140 3469 279 3559 pondere
289 3468 356 3535 sinc
366 3486 495 3546 assensu
504 3466 642 3552 parentis
655 3485 717 3554 nou
728 3467 836 3556 possit,
849 3469 971 3552 constet
986 3467 1070 3552 (curn

1280 2747 1284 2968 l

1277 3233 1284 3448 l

1276 3597 1284 3895 l

1276 3900 1279 3947 l
