2584 4022
542 296 580 344 ns
601 272 739 346 ruo1c11s.
1062 283 1102 352 33

172 442 222 504 vel
238 440 333 504 etiem
345 439 483 504 amicitia
495 441 534 504 sit
545 442 637 503 valde
651 441 835 524 conjunctus
850 443 931 524 parti
946 443 1099 531 litiganti;

173 535 222 596 vel
244 535 269 596 si
290 533 435 596 dominus
459 534 652 611 adversarii,
673 553 745 596 cum
769 553 830 616 quo
851 536 889 598 lis
913 541 976 616 cst,
998 539 1048 600 vel
1062 537 1102 600 sit
1164 552 1165 559 ¹

171 629 254 690 illius
274 628 452 705 familiaris,
481 628 603 706 socius,
622 631 790 708 patronus,
817 629 936 708 affinis,
956 634 1030 710 eta,
1050 631 1101 693 vel

171 722 305 784 similem
319 723 575 797 controversiam,
588 740 661 782 oum
675 721 736 783 alio
752 721 783 782 in
798 722 859 783 alio
871 721 991 803 judicio
1001 722 1100 800 judex

171 816 297 876 habeat.
309 817 364 876 ast
378 819 484 877 autem
496 815 564 876 haeo
575 813 691 895 judicis
703 814 858 876 recusatio
869 819 942 878 autc
955 815 1018 878 litis
1028 835 1100 880 con-

169 909 370 971 testationem
383 907 606 987 proponenda,
629 925 701 969 cum
721 906 761 968 sit
776 908 915 987 exceptio
931 907 1097 986 dilatoria,

170 1001 228 1062 nisi
244 1005 315 1080 post
337 1001 399 1062 litis
414 999 673 1063 contestationem
691 1019 775 1062 nova
786 1017 882 1062 causa
895 1002 1099 1066 recusationis

167 1093 380 1173 superveniat,
396 1096 451 1155 aut
458 1092 544 1172 juret
553 1110 626 1171 pars
637 1111 795 1171 recusans,
807 1093 847 1154 ad
860 1112 949 1156 suam
962 1095 1099 1174 primum

170 1187 313 1248 notitiam
335 1189 414 1266 post·
426 1183 488 1247 litis
503 1185 761 1247 contestationem
782 1205 910 1249 causam
930 1187 1016 1250 illam
1029 1207 1099 1269 per-

169 1298 301 1340 venrsse.

208 1371 311 1435 ludex
325 1371 350 1433 si
370 1376 405 1434 ut
418 1375 582 1451 suspectus
595 1376 774 1451 recusetur,
794 1391 856 1434 non
870 1376 973 1453 potest
986 1374 1052 1453 ipse
1065 1374 1097 1435 in

169 1484 264 1544 causa
278 1465 483 1527 recusationis
497 1482 686 1545 cognoscere
701 1465 765 1546 (qui
785 1466 869 1527 enim
887 1466 919 1527 in
933 1466 1096 1545 principali

169 1578 265 1622 causa
280 1563 443 1639 suspectus
455 1562 511 1636 est,
521 1558 728 1638 multomagis
738 1558 949 1620 talishabctur
960 1559 993 1621 in
1003 1577 1098 1622 cause

168 1651 365 1730 accessoria),
388 1651 447 1712 nisi
464 1651 585 1714 notorie
604 1654 635 1712 et
649 1651 824 1713 indubitate
838 1650 951 1713 frivola
966 1651 1023 1724 sit;
1040 1651 1097 1713 sed

167 1745 261 1807 dehet
273 1763 368 1807 causa
380 1743 560 1823 principalis
575 1745 794 1823 cognoscenda
812 1743 927 1805 remitti
947 1744 988 1806 ad
1004 1762 1098 1823 supe-

165 1839 291 1916 riorem,
302 1838 353 1898 vel
367 1836 419 1898 alii
434 1853 576 1916 personae
586 1835 720 1914 idoneae,
733 1840 835 1898 etnon
848 1840 1000 1916 suspectae
1013 1854 1097 1899 eom·
1145 1861 1148 1866 ·

167 1921 247 1992 mitti
262 1950 300 1992 ex
313 1947 466 1992 consensu
478 1928 630 2008 partium,
645 1929 695 1990 vel
709 1948 746 1990 ex
761 1929 921 2018 oomrnuni
933 1929 1095 2010 utriusque

167 2024 264 2106 partis
277 2041 430 2085 consensu
445 2021 552 2083 arbitri
573 2022 645 2102 eligi
659 2022 792 2100 debent,
810 2022 863 2103 qui
879 2022 918 2083 de
932 2040 1027 2084 causa
1037 2021 1092 2083 tali

165 2109 370 2181 recusationis
388 2119 589 2195 cognoscant.
611 2115 740 2176 Interim
760 2118 866 2177 tamen
886 2133 943 2196 per
967 2132 1094 2178 recusa·

164 2211 282 2274 tionem
307 2209 402 2270 talem
423 2211 530 2269 manet
550 2226 701 2286 suspensa
713 2208 848 2270 recusati
864 2207 980 2287 judicis
997 2207 1094 2288 juris-

163 2303 268 2381 dictio,
282 2306 312 2364 et
326 2302 358 2362 in
373 2318 469 2362 causa
482 2318 590 2363 eoram
603 2318 637 2361 se
651 2298 824 2378 prolataad
839 2298 1020 2360 ulteriorem
1029 2314 1092 2360 nou

163 2395 460 2476 potestprooedere.

261 2542 272 2594 s
285 2545 309 2582 V·
323 2551 355 2584 D!
368 2549 495 2585 alamon
508 2550 540 2582 ΑΙ)
554 2549 648 2589 Ioum,
661 2547 703 2581 ΙΙΠ
717 2545 838 2580 mmm·
849 2543 992 2580 (mmm.

200 2663 266 2724 XV.
282 2658 370 2737 Quid,
380 2659 577 2740 etquotaptea
587 2658 627 2719 eit
637 2656 750 2734 citatio,
764 2653 998 2736 etquaenamad
1007 2653 1090 2714 illius

160 2753 366 2815 substantiam
380 2751 605 2832 requirantur?
618 2749 731 2813 (litatio
747 2752 794 2811 est
812 2751 900 2810 aetus
909 2745 1087 2827 judicialis,

161 2863 223 2924 quo
233 2846 270 2922 ie,
287 2863 381 2925 quem
395 2844 427 2904 in
439 2844 558 2925 judioio
574 2844 640 2906 sisti
655 2845 793 2922 oportet,
811 2839 927 2924 judicis
940 2837 1088 2900 mandato

159 2937 298 3018 legitime
310 2941 442 3000 vocatur
455 2937 487 2997 in
505 2936 671 3016 judicium,
685 2935 765 3016 juris
778 2931 960 3013 experiundi
973 2947 1085 3005 causa,

161 3048 230 3111 quoe
242 3049 341 3111 usque
355 3031 435 3092 adeo
451 3029 628 3091 necessaria
642 3031 689 3088 est
702 3027 744 3088 ad
757 3026 897 3087 valorem
907 3020 1035 3102 judicii,
1052 3023 1087 3079 ut

160 3127 247 3186 actus
259 3123 444 3204 judiciarius
456 3125 567 3184 contra
576 3120 704 3182 citatum
719 3119 893 3179 celebratus
902 3110 1088 3192 regulariter

158 3209 262 3279 nullus
276 3216 316 3278 sit
329 3217 397 3296 ipso
409 3216 491 3296 jure,
507 3232 578 3276 oum
594 3211 700 3275 citatio
716 3210 757 3271 ad
771 3206 985 3270 defensionem
997 3223 1087 3286 spec·

157 3311 213 3387 tet,
231 3327 301 3391 quae
317 3313 364 3372 est
371 3308 451 3390 juris
462 3304 627 3380 naturalis;
644 3303 758 3366 ethino
770 3304 854 3362 recte
865 3299 959 3361 etiam
972 3298 1086 3360 dieitur

154 3401 310 3483 judicium
325 3421 344 3464 a
358 3401 504 3464 citatione
523 3400 671 3479 incipere.
689 3395 843 3458 Dividitur
861 3396 967 3456 autem
980 3389 1096 3454 citatio.

158 3494 191 3556 in
205 3495 364 3574 publicam
379 3498 410 3557 et
423 3493 594 3573 privatam;
620 3490 746 3570 publiea
767 3489 803 3550 iit
820 3486 871 3549 vel
887 3503 945 3566 per
961 3483 1084 3564 procle-
