2586 4020
184 265 242 330 188
400 278 731 354 1usr1rur1onusuun1s
753 281 908 331 canorum.

182 429 237 486 tua
256 423 429 486 advocatia.
444 424 583 486 Primum
599 424 776 520 peregimus
790 424 988 487 antecedenti
1002 423 1108 496 titulo;

183 515 269 578 aliud
283 517 428 594 praesenti
441 517 530 578 titulo
542 517 750 579 exordiemur.
1129 583 1132 588 ,

222 611 331 688 ltaque
345 627 437 672 nemo
451 611 564 691 estqui
577 610 675 689 possit
689 609 721 670 in
737 609 867 672 dubium
882 627 1030 670 revocare
1044 609 1113 670 olfi-

189 703 272 767 cium
297 707 414 764 mutuae
428 702 610 778 advocatia,
631 703 688 762 ne'c
702 702 815 762 docere
832 720 869 761 cx
883 701 1034 781 principio
1050 707 1113 762 sta-

181 798 249 858 tum
264 794 409 858 hostilem
423 795 473 854 vel
500 793 718 856 indifferentiae
733 795 815 856 inter
828 798 992 874 utramque
1007 800 1111 855 aucto-

181 887 317 950 ritatem.
341 888 408 948 Hoc
432 886 516 948 enim
542 887 634 949 nimis
661 890 852 966 repugnaret
882 887 983 948 ordini
1010 885 1111 966 provi-

182 978 295 1040 dentiae
310 979 375 1055 Dei,
392 979 444 1059 qui
457 998 514 1058 per
528 987 670 1041 mutuam
685 979 847 1059 utriusque
863 979 1025 1060 potestatis
1040 996 1112 1039 con-

181 1071 384 1150 spirationem
396 1073 492 1132 tinem
501 1072 532 1132 iu
544 1072 670 1134 homine
680 1072 836 1134 intentum
845 1070 944 1133 voluit
957 1070 1107 1132 obtinere.

181 1165 268 1226 Unus
295 1163 377 1223 enim
404 1163 550 1242 idemque
574 1167 656 1224 Deus
672 1171 838 1244 utramque
853 1182 909 1244 pro
924 1163 1006 1225 bono
1020 1163 1112 1224 unius

182 1254 387 1336 ejusdemque
415 1255 549 1318 hominis
565 1256 697 1319 instituit
720 1257 958 1330 auctoritatem
978 1259 1111 1335 utraque

182 1366 258 1427 ergo
281 1351 316 1410 ut
336 1348 392 1408 fini
410 1367 475 1410 suec
490 1347 691 1410 institutionis
713 1347 944 1427 respondeatet
958 1348 998 1408 sit
1018 1347 1049 1407 in
1064 1366 1112 1408 or-

182 1439 255 1504 dine
273 1459 293 1499 a
318 1443 381 1502 Deo
403 1442 510 1518 volito,
540 1460 579 1502 ne
593 1441 649 1501 Dci
668 1440 858 1502 ordinationi
870 1439 1005 1517 resistat,
1020 1439 1113 1501 debet

182 1533 310 1595 ulterius
326 1533 410 1594 bono
422 1534 455 1593 in
470 1533 579 1594 ordine
592 1551 648 1594 suo
660 1533 833 1612 cooperari.
851 1531 940 1594 Unde
955 1535 1037 1594 Deus
1050 1531 1112 1592 dis-

136 1615 139 1623 *
181 1624 364 1705 pensatione
379 1625 556 1704 magnifica,
573 1629 608 1686 ut
631 1625 675 1686 ait
699 1625 849 1702 Gelasius,
878 1625 923 1686 sic
937 1625 1111 1686 actionibus

182 1716 328 1796 propriis,
355 1717 622 1796 dignitatibusque
650 1717 804 1778 distinctis
828 1716 932 1778 officia
951 1715 1113 1795 potestatis

137 1857 145 1866 .
183 1808 334 1890 cuiusque
363 1809 510 1872 discrevit
544 1813 578 1871 ut
615 1809 774 1870 christiani
811 1809 1018 1888 imperatores
1054 1825 1112 1888 pro

184 1907 301 1964 aeterna
316 1903 381 1965 vita
394 1903 591 1982 pontificibus
614 1903 810 1982 adjuvarent,
828 1906 858 1963 et
870 1902 1033 1981 pontifices
1053 1919 1110 1980 pro

183 1996 403 2075 temporalium
423 2015 515 2058 cursu
535 2015 651 2072 rerum,
667 1994 881 2074 imperialibus
902 1993 1113 2072 dispositioni-

182 2088 242 2148 bus
256 2090 428 2166 utereutur,
445 2092 487 2166 et,
504 2093 538 2150 ut
550 2089 593 2150 ait
606 2089 638 2149 S.
654 2089 729 2164 Leo,
739 2087 829 2165 epist.
842 2089 880 2148 tt
891 2087 967 2147 alias
979 2090 1029 2164 95,
1040 2087 1114 2148 licet

183 2178 393 2242 ecclesiastica
417 2180 581 2260 disciplina
608 2179 796 2240 sacerdotali
821 2182 969 2241 contenta
993 2178 1111 2259 judicio

182 2275 327 2334 cruentas
353 2291 415 2336 non
430 2274 546 2334 efficiat
558 2273 702 2348 ultiones,
720 2271 836 2332 severis
850 2277 955 2332 tamen
971 2270 1113 2332 christia-

182 2383 296 2426 norum
309 2367 486 2445 principum
498 2363 771 2428 constitutionibus
785 2364 963 2444 adjuvatur,
981 2365 1056 2424 dum
1070 2363 1111 2424 ad

183 2458 343 2536 spirituale
357 2477 583 2536 nonnunquam
594 2458 760 2519 recurrunt
770 2456 925 2537 judicium
938 2455 991 2534 qui
1000 2455 1111 2518 timent

184 2549 354 2626 temporale
370 2550 570 2628 supplicium.

224 2640 375 2702 Videlicet
388 2660 450 2702 non
463 2660 552 2703 secus
568 2660 605 2702 ac
620 2645 702 2703 Deus
715 2647 750 2703 ut
771 2641 951 2702 conciliaret
963 2641 1045 2702 inter
1055 2640 1111 2700 ho-

181 2733 283 2795 mines
297 2732 456 2794 vinculum
470 2738 586 2795 mutuae
610 2735 838 2796 benevolentiae
854 2737 885 2796 ct
908 2733 1008 2794 mutui
1022 2731 1111 2813 adju-

181 2826 265 2905 torii,
292 2845 345 2888 eos
362 2827 436 2888 fecit
450 2827 610 2889 neminem
626 2827 832 2888 sufficientem
851 2824 920 2903 sibi,
936 2826 991 2886 sed
1015 2843 1112 2887 unum

183 2919 244 2982 alio
257 2920 449 2999 indigentem
463 2921 495 2980 in
515 2920 624 2981 ordine
644 2920 683 2981 ad
698 2922 804 2996 finem,
819 2919 863 2980 sic
883 2923 918 2979 ut
932 2919 1112 2980 conciliaret

183 3016 325 3075 mutuam
347 3015 573 3092 protectionem
597 3017 694 3075 status
715 3013 756 3074 ad
784 3011 966 3088 Ecclesiam,
988 3016 1019 3073 et
1043 3012 1110 3073 vice

182 3125 285 3183 versa,
297 3106 396 3168 voluit
411 3123 507 3167 unam
516 3108 704 3185 potestatem
714 3106 842 3167 alterius
855 3123 913 3185 ope
923 3105 1064 3184 indigere
1079 3104 1110 3163 in

183 3199 293 3260 ordine
309 3198 350 3259 ad
364 3200 459 3260 finem
470 3217 534 3260 suae
554 3199 765 3260 institutionis.
784 3195 906 3276 Indigct
921 3197 1003 3256 enim
1014 3196 1112 3257 civilis

183 3290 396 3352 ecclesiastica
417 3291 613 3368 auctoritate,
640 3309 709 3370 quae
730 3277 877 3351 informet
890 3289 1110 3351 conscientiam

181 3382 372 3460 populorum
404 3387 436 3444 et
460 3383 556 3445 faciat
584 3401 651 3444 esse
676 3381 816 3443 subditos
841 3380 1017 3462 majestati,
1049 3400 1111 3443 non

180 3478 307 3552 propter
321 3472 480 3550 timonem,
498 3475 553 3536 sed
563 3477 693 3553 propter
704 3473 937 3550 conscientiam,
955 3477 986 3535 et
999 3473 1111 3535 timore
