2578 4012
394 293 433 338 na
454 289 645 339 amaracum
666 287 857 336 maccusius.
1034 275 1091 336 113

344 465 378 506 lV.
391 471 695 514 mansionaticum
708 469 910 506 commanem.

206 599 235 658 1ο
256 594 403 658 Canonici
427 596 468 656 ad
488 595 695 674 personaliter
721 594 879 658 canendas
899 593 1010 654 missas
1031 592 1091 654 illis

166 689 287 766 diebus,
302 688 415 768 quibus
435 707 474 750 ex
490 688 638 750 institutis
652 687 702 749 vel
713 686 853 766 legitima
867 686 1092 748 consuetudine

164 781 247 842 illius
260 781 398 842 ecclesia>
412 780 536 858 debent,
550 779 775 860 cogendisunt.
792 779 832 858 (S.
850 781 883 842 C.
900 781 932 841 G.
949 777 1093 860 1613.)-

166 873 314 936 Ganonici
329 873 468 935 ecolesiae
484 873 673 934 cathedralis
685 875 832 934 tenentur
846 873 886 934 ad
909 872 1094 934 celebratio-

166 983 240 1026 nem
254 964 356 1026 missae
371 965 584 1028 conventualis
595 965 724 1044 singulis
737 965 860 1042 dicbus,
873 985 937 1027 non
950 967 1093 1026 obstante

167 1057 325 1119 contraria
339 1059 562 1120 consuetudine
579 1079 585 1121 :
603 1059 745 1138 adeoque
767 1059 958 1120 servandum
976 1058 1093 1120 661116-

167 1153 288 1212 cretum
309 1149 443 1230 desuper
466 1148 586 1212 editum
607 1152 647 1213 ab
672 1151 836 1214 Ordinatio
867 1150 1062 1226 (Tusculanot
1077 1139 1089 1211 X:

44 1321 46 1326 Ι
166 1261 276 1322 poenas
299 1261 374 1304 vero
396 1246 505 1305 contra
527 1243 728 1305 adversantes
742 1263 798 1324 pro
812 1244 939 1307 arbitrio
955 1241 1091 1328 episcopi

165 1334 331 1416 (Moderni)
340 1354 407 1396 esse
415 1336 635 1406 moderandae.
647 1339 694 1411 (16
702 1355 775 1399 nov.
783 1330 1093 1415 1652.)-Adpreces

167 1427 332 1508 cujusdam
358 1429 499 1490 canonici
515 1430 547 1490 S.
573 1431 606 1490 G.
632 1429 813 1509 rescripsit:
832 1433 1007 1506 oratorem,
1032 1447 1094 1490 non

168 1521 311 1582 obstante
324 1522 459 1600 allegata
473 1521 708 1599 consuetudine,
724 1525 754 1584 et
768 1523 851 1602 quod
865 1523 897 1582 in
911 1521 1094 1583 fundatione

167 1631 231 1674 non
244 1613 359 1674 habeat
373 1631 451 1674 onus
466 1613 644 1675 celebrandi
659 1617 691 1676 et
705 1614 882 1695 applicandi
894 1615 1092 1692 sacrificium,

168 1724 231 1767 non
249 1723 341 1784 posse
355 1705 484 1784 diebus,
501 1707 614 1787 quibus
629 1707 749 1769 alterna
760 1707 828 1769 vioe
839 1708 928 1789 juxta
946 1708 1094 1792 tabellam

168 1797 314 1860 Ecclesiae
324 1799 433 1860 missas
444 1799 591 1876 celebrat,
602 1799 758 1878 applicare
770 1799 1023 1879 sacrificiumpro
1036 1800 1096 1862 sibi

166 1891 373 1971 largientibus
387 1892 628 1971 eleemosynam.
649 1895 697 1968 116
707 1893 796 1972 april.
809 1893 908 1970 1636.)

209 2001 242 2058 2⁰
260 1997 432 2077 Episcopus
448 1997 590 2076 exposuit
611 1997 789 2078 quodlicet
818 2016 942 2077 semper
964 1998 1096 2060 fuissent

168 2090 249 2152 soliti
262 2090 420 2170 applicare
435 2089 534 2150 adsui
555 2090 678 2152 libitum
700 2090 829 2152 missam
844 2091 1093 2169 conventualem,

169 2202 267 2263 quum
290 2183 410 2246 nullum
437 2184 683 2244 emolumentum
714 2183 903 2263 percipiant,
925 2187 956 2246 et
976 2185 1096 2246 reditus
1154 2213 1158 2222 ·

168 2275 409 2338 canonicatuum
423 2273 484 2336 sint
498 2275 681 2353 tenuissimi,
693 2275 996 2338 nihilominusmodo
1012 2277 1097 2338 vica-

168 2369 251 2429 rium
262 2367 452 2447 generalem,
470 2368 598 2430 absente
609 2368 767 2448 episcopo,
782 2369 827 2428 eis
841 2369 1094 2449 applicationem,

167 2461 242 2523 licet
255 2463 383 2524 careant
396 2460 666 2523 distributionibus
684 2460 889 2541 quotidianis,
910 2461 1096 2541 praecepisse

169 2571 263 2634 poena
276 2553 489 2634 suspensionis
503 2554 636 2635 adjecta.
653 2554 800 2616 Canonici
823 2555 972 2635 petebant
986 2555 1097 2616 saltem

168 2650 203 2709 ut
212 2646 419 2709 constituatur
433 2647 642 2726 eleemosyna.
661 2648 725 2710 Sed
735 2649 767 2710 S.
785 2649 817 2710 G.
836 2651 1097 2710 611616666611-

69 2793 71 2798 .
169 2740 303 2802 suitnon
316 2739 412 2801 116616
427 2739 659 2820 eleemosynam
678 2740 829 2819 recipere.
847 2741 990 2802 Redeunt
1002 2741 1097 2800 modo

170 2833 322 2911 canonici,
336 2835 368 2894 et
381 2833 519 2893 dandam
540 2851 607 2901 esse
629 2833 874 2896 declarationem
889 2832 966 2894 alias
982 2833 1099 2894 editam

169 2927 200 2988 in
213 2927 417 3006 Fclpinoten,
429 2924 560 3004 putavit.
572 2927 609 2987 13
617 2926 696 3006 sept.
713 2928 844 2987 16111111
856 2925 984 2986 laudata
996 2924 1099 2986 decla·

168 3019 289 3080 ratione
302 3019 409 3083 statuit
422 3019 453 3081 S.
464 3019 497 3080 G.
514 3018 730 3079 nonobstante
743 3021 862 3080 asserta
873 3015 1098 3079 consuetudine
1194 3091 1196 3095 Ι

169 3129 232 3172 non
254 3111 430 3190 applicandi
459 3113 491 3174 et
518 3110 749 3188 eleemosynam
777 3110 967 3189 recipiendi,
997 3109 1097 3172 teneri

170 3204 471 3266 canonicosmisaam
480 3202 718 3266 conventualem
726 3201 1098 3281 celebrare,etapplicare

168 3315 225 3377 pro
240 3297 514 3375 benefactoribus,
540 3296 626 3358 nulla
639 3313 696 3377 pro
719 3296 771 3358 illo
795 3295 947 3368 sacrificio
968 3299 1098 3375 accepta

171 3390 381 3468 eleemosyna.
910 3417 912 3421 ·

208 3485 241 3544 3⁰
262 3485 347 3546 Onus
360 3480 489 3547 missam
506 3484 744 3548 conventualem
758 3481 982 3548 celebrandiin
998 3483 1098 3546 ecole—
1274 3471 1275 3482 ’
