2584 4022
537 239 576 284 ou
596 239 735 288 ruricus
940 224 943 230 ‘
1060 225 1100 288 59

168 385 248 448 ritur
259 386 294 446 ut
307 384 363 445 fiat
381 385 493 463 sponte
512 386 543 446 et
558 383 657 446 libere
676 404 683 446 ι
701 384 823 446 extorta
834 381 918 446 enim
931 386 1102 462 metuant

169 477 229 538 alia
243 476 273 537 vi
290 476 385 537 fidem
407 495 470 537 non
490 476 574 538 lacit.
598 479 708 553 Sexto,
733 475 923 556 requiritur,
940 481 974 540 ut
988 478 1043 540 fiat
1063 496 1102 539 ex

170 573 255 633 carta
267 569 397 630 seientia
410 569 598 648 :ignorantis
612 569 695 630 enim
708 568 860 632 confessio
876 569 952 632 nihil
963 570 1053 646 faoit3
1071 572 1103 634 et

169 662 311 746 revooari
322 665 424 741 potest
440 681 528 726 error
541 662 615 724 faeti
629 681 729 742 usque
744 663 785 724 ad
801 662 1101 742 senteutiam,modo

170 755 297 837 probari
312 756 412 836 possit
424 755 495 818 talis
510 774 598 817 error
615 758 688 817 ante
700 755 799 816 latam
811 756 1010 820 sententiam.
1027 759 1102 836 Sep·

169 849 259 927 timo,
282 847 472 929 requiritur,
497 851 532 910 ut
559 849 598 912 sit
626 849 709 911 laeta
741 849 781 911 ab
812 867 849 911 eo
878 849 931 930 qui
949 853 988 912 25
1013 848 1102 911 annis

171 941 273 1022 major
286 943 352 1016 est3
369 940 512 1021 quamvis
527 940 612 1002 euim
634 939 705 1022 ejus
726 941 780 1021 qui
801 939 905 1002 minor
919 945 967 1004 est
987 945 1024 1004 25
1047 960 1103 1003 an·

172 1035 231 1112 nis,
248 1033 347 1113 pubes
362 1037 480 1111 tamen,
495 1033 648 1097 confessio
661 1033 824 1116 injudicio
839 1033 923 1096 faeta
936 1035 1002 1097 sina
1015 1053 1104 1097 oura-

171 1127 247 1189 toris
262 1127 447 1190 auctoritate
462 1128 577 1206 valeat,
591 1128 685 1190 laesus
697 1132 803 1190 tamen
818 1128 851 1189 in
864 1127 1023 1209 integrum
1037 1147 1104 1191 res-

171 1219 294 1283 tituitur
310 1219 394 1282 intra
407 1219 661 1300 quadriennium.

212 1313 262 1375 Fit
275 1316 381 1374 autem
403 1312 555 1375 cenfessio
575 1313 608 1374 in
627 1312 746 1394 judicio
763 1308 885 1376 duobus
907 1313 1105 1394 potissimum

172 1405 284 1484 modis,
309 1424 453 1487 expresse
475 1405 611 1468 scilieet:
629 1404 785 1486 numquis
803 1406 907 1469 verbis
929 1408 1107 1488 expressis,

173 1520 229 1563 seu
242 1518 320 1563 vose
342 1500 507 1563 confitetur
527 1518 595 1561 rem
609 1500 765 1580 aliquam3
787 1504 819 1562 et
838 1500 933 1564 tacite
955 1501 1020 1564 sive
1035 1501 1104 1582 ipso

173 1593 268 1672 fanto,
290 1599 384 1673 prout
407 1593 570 1674 profereus
591 1593 833 1658 instrumentum
854 1595 981 1678 aliquod
998 1613 1106 1658 eoram

169 1687 291 1768 judica,
316 1686 410 1750 taeite
431 1679 576 1749 oen'setur
596 1685 702 1750 omnia
718 1687 879 1766 confiteri,
903 1706 973 1767 quae
993 1687 1026 1750 in
1052 1689 1105 1750 illo

175 1779 383 1858 eontinentur,
399 1785 429 1840 et
442 1779 495 1859 qui
510 1783 615 1842 aetum
627 1780 765 1860 aliquem
776 1781 875 1844 libera
886 1784 1020 1859 exercet,
1032 1799 1107 1844 een·

175 1872 377 1936 seturomnia
391 1872 548 1952 confiteri,
573 1891 643 1954 quae
664 1873 705 1936 ad
720 1877 826 1936 aetum
846 1874 936 1938 illum
956 1892 1107 1939 oonseou·

174 1967 238 2029 tire
248 1965 344 2027 etiam
359 1967 527 2046 pertinent,
545 1968 604 2029 eto.
622 1968 697 2040 Quae
711 1967 808 2030 taoita
826 1967 979 2031 confessio
994 1967 1108 2047 saepius

175 2079 213 2121 ex
237 2058 316 2140 juris
351 2059 607 2138 interpretatione
630 2061 845 2140 praesumitur,
872 2061 917 2126 ita
943 2065 1109 2125 tamen-ut

94 2191 120 2236 ¹„
177 2157 287 2215 sonna
301 2171 371 2216 eam
386 2152 735 2232 admittatnrprobatio.
964 2221 967 2225 ,

156 2242 164 2248 ’
216 2247 256 2307 Et
278 2245 421 2326 quamvis
445 2263 484 2306 ex
498 2245 693 2308 confessione
711 2245 757 2306 rei
772 2245 955 2326 simpliciter
981 2253 1012 2308 et
1029 2264 1108 2325 pure

177 2339 271 2416 faeta,
284 2337 351 2400 sine
366 2338 491 2420 adjecta
503 2337 652 2418 qualitate
665 2337 884 2417 restringente,
901 2338 1031 2400 fundata
1043 2357 1109 2399 ma·

178 2437 252 2494 neat
264 2432 377 2493 actoris
390 2431 542 2509 intentiO,
557 2431 583 2494 si
592 2437 698 2492 tamen
713 2429 900 2492 confessioni
918 2449 1004 2493 areo
1019 2431 1109 2492 faetae

180 2525 314 2608 qualitas
325 2524 431 2605 aliqua
439 2524 631 2605 restringens
641 2523 818 2606 adjiciatur,
826 2523 1110 2605 etsitpraesumptio

180 2618 285 2698 aliqua
304 2616 384 2698 juris
404 2624 514 2680 eontra
545 2637 630 2696 eam,
657 2625 726 2682 tum
751 2637 808 2700 pro
838 2625 929 2704 parte
954 2617 1110 2700 acceptari

181 2715 283 2790 potest
296 2711 329 2771 in
347 2711 566 2792 praejudieium
580 2713 774 2788 confitentis3
798 2713 848 2776 vel
864 2713 951 2775 nulla
965 2719 1012 2774 ast
1030 2728 1112 2792 prae-

181 2805 317 2884 sumptio
336 2804 417 2886 juris
435 2809 544 2867 eontra
563 2806 660 2868 talem
682 2805 837 2887 adjectam
861 2806 1061 2888 qualitatem,
1081 2805 1112 2864 et

180 2901 249 2959 tum
261 2897 293 2958 in
308 2897 448 2960 favorem
462 2897 508 2959 rei
527 2898 680 2960 confessio
699 2898 770 2960 talis
785 2899 942 2980 acceptari
956 2901 1069 2978 potest,
1086 2894 1113 2954 si

182 2991 333 3070 probetur
347 2991 471 3074 adjecta
491 2991 634 3071 qualitas,
653 2996 685 3052 et
700 3009 798 3052 unum
810 2995 933 3071 tantum
946 2987 1113 3050 articulum

183 3084 342 3147 contineat
354 3084 523 3160 confessi03
536 3084 562 3146 si
576 3082 659 3144 enim
668 3083 773 3163 plures
784 3081 932 3145 articulos
942 3079 1110 3158 contineat,

182 3177 297 3258 partim
321 3177 488 3258 acceptari,
503 3176 618 3256 partim
633 3174 793 3254 repudiari
807 3180 929 3255 posset3
942 3175 969 3236 si
980 3191 1037 3254 pro
1050 3191 1113 3236 uno

184 3271 314 3334 articulo
326 3271 412 3332 nulla
424 3273 580 3351 pugnaret
591 3267 671 3350 juris
684 3268 903 3351 praesumptio,
917 3273 1027 3332 eontra
1041 3267 1115 3330 alte-

184 3383 256 3428 rum
269 3381 345 3428 vero
360 3363 530 3426 haberetur
537 3361 617 3444 juris
632 3362 846 3444 praesumptis.

225 3459 263 3524 ΙΙ.
287 3457 336 3522 Ao
353 3457 463 3544 positio
482 3475 568 3540 super
581 3455 662 3539 sueto
682 3456 830 3542 negativo,
849 3473 919 3542 quae
936 3457 1026 3524 aliter
1039 3474 1114 3540 pre·-
