<?xml version="1.0" encoding="UTF-8"?>
<!DOCTYPE html PUBLIC "-//W3C//DTD XHTML 1.0 Transitional//EN"
    "http://www.w3.org/TR/xhtml1/DTD/xhtml1-transitional.dtd">
<html xmlns="http://www.w3.org/1999/xhtml" xml:lang="en" lang="en">
 <head>
  <title>
</title>
<meta http-equiv="Content-Type" content="text/html;charset=utf-8" />
  <meta name='ocr-system' content='tesseract 3.04.00' />
  <meta name='ocr-capabilities' content='ocr_page ocr_carea ocr_par ocr_line ocrx_word'/>
</head>
<body>
  <div class='ocr_page' id='page_1' title='image "./institutionesju01marigoog_0081.png"; bbox 0 0 2584 4022; ppageno 0'>
   <div class='ocr_carea' id='block_1_1' title="bbox 194 259 921 334">
    <p class='ocr_par' dir='ltr' id='par_1_1' title="bbox 194 259 921 334">
     <span class='ocr_line' id='line_1_1' title="bbox 194 259 921 334; baseline -0.01 -14"><span class='ocrx_word' id='word_1_1' title='bbox 194 259 234 320; x_wconf 75' lang='lat' dir='ltr'>tl</span> <span class='ocrx_word' id='word_1_2' title='bbox 412 265 642 334; x_wconf 81' lang='lat' dir='ltr'>msrrrurmues</span> <span class='ocrx_word' id='word_1_3' title='bbox 662 265 745 314; x_wconf 82' lang='lat' dir='ltr'>rums</span> <span class='ocrx_word' id='word_1_4' title='bbox 766 264 921 313; x_wconf 73' lang='lat' dir='ltr'>canonici.</span> 
     </span>
    </p>
   </div>
   <div class='ocr_carea' id='block_1_2' title="bbox 186 410 1123 2714">
    <p class='ocr_par' dir='ltr' id='par_1_2' title="bbox 190 410 1122 681">
     <span class='ocr_line' id='line_1_2' title="bbox 190 410 1122 492; baseline -0.004 -14"><span class='ocrx_word' id='word_1_5' title='bbox 190 413 313 478; x_wconf 88' lang='lat' dir='ltr'>mestici</span> <span class='ocrx_word' id='word_1_6' title='bbox 326 413 472 476; x_wconf 88' lang='lat' dir='ltr'>dicuntur</span> <span class='ocrx_word' id='word_1_7' title='bbox 485 411 518 473; x_wconf 91' lang='lat' dir='ltr'>in</span> <span class='ocrx_word' id='word_1_8' title='bbox 532 410 800 474; x_wconf 86' lang='lat' dir='ltr'>latissimatemcn</span> <span class='ocrx_word' id='word_1_9' title='bbox 814 410 1007 490; x_wconf 89' lang='lat' dir='ltr'>acceptioue,</span> <span class='ocrx_word' id='word_1_10' title='bbox 1024 411 1122 492; x_wconf 88' lang='lat' dir='ltr'>quiin</span> 
     </span>
     <span class='ocr_line' id='line_1_3' title="bbox 191 505 1122 584; baseline -0.005 -12"><span class='ocrx_word' id='word_1_11' title='bbox 191 509 303 572; x_wconf 89' lang='lat' dir='ltr'>eadem</span> <span class='ocrx_word' id='word_1_12' title='bbox 317 509 410 573; x_wconf 87' lang='lat' dir='ltr'>domo</span> <span class='ocrx_word' id='word_1_13' title='bbox 425 505 517 568; x_wconf 89' lang='lat' dir='ltr'>simul</span> <span class='ocrx_word' id='word_1_14' title='bbox 529 505 718 582; x_wconf 74' lang='lat' dir='ltr'>convivunt,</span> <span class='ocrx_word' id='word_1_15' title='bbox 733 507 765 566; x_wconf 90' lang='lat' dir='ltr'>et</span> <span class='ocrx_word' id='word_1_16' title='bbox 778 507 1025 582; x_wconf 85' lang='lat' dir='ltr'>convescuntur,</span> <span class='ocrx_word' id='word_1_17' title='bbox 1043 522 1122 584; x_wconf 87' lang='lat' dir='ltr'>quos</span> 
     </span>
     <span class='ocr_line' id='line_1_4' title="bbox 191 597 1001 681; baseline -0.006 -18"><span class='ocrx_word' id='word_1_18' title='bbox 191 600 243 664; x_wconf 88' lang='lat' dir='ltr'>elii</span> <span class='ocrx_word' id='word_1_19' title='bbox 254 601 413 681; x_wconf 88' lang='lat' dir='ltr'>appellant</span> <span class='ocrx_word' id='word_1_20' title='bbox 427 599 523 660; x_wconf 90' lang='lat' dir='ltr'>etiam</span> <span class='ocrx_word' id='word_1_21' title='bbox 537 597 705 662; x_wconf 75' lang='lat' dir='ltr'>familiares</span> <span class='ocrx_word' id='word_1_22' title='bbox 721 601 752 660; x_wconf 91' lang='lat' dir='ltr'>et</span> <span class='ocrx_word' id='word_1_23' title='bbox 765 597 1001 659; x_wconf 75' lang='lat' dir='ltr'><strong>commensales.</strong></span> 
     </span>
    </p>

    <p class='ocr_par' dir='ltr' id='par_1_3' title="bbox 187 690 1123 2442">
     <span class='ocr_line' id='line_1_5' title="bbox 230 690 1122 772; baseline -0.007 -14"><span class='ocrx_word' id='word_1_24' title='bbox 230 698 275 758; x_wconf 89' lang='lat' dir='ltr'>De</span> <span class='ocrx_word' id='word_1_25' title='bbox 288 693 416 756; x_wconf 89' lang='lat' dir='ltr'>secundi</span> <span class='ocrx_word' id='word_1_26' title='bbox 432 710 506 772; x_wconf 91' lang='lat' dir='ltr'>ergo</span> <span class='ocrx_word' id='word_1_27' title='bbox 522 690 647 771; x_wconf 87' lang='lat' dir='ltr'>generis</span> <span class='ocrx_word' id='word_1_28' title='bbox 657 690 837 752; x_wconf 79' lang='lat' dir='ltr'>domesticis</span> <span class='ocrx_word' id='word_1_29' title='bbox 847 690 1020 770; x_wconf 90' lang='lat' dir='ltr'>loquendo,</span> <span class='ocrx_word' id='word_1_30' title='bbox 1037 691 1122 770; x_wconf 89' lang='lat' dir='ltr'>quod</span> 
     </span>
     <span class='ocr_line' id='line_1_6' title="bbox 190 783 1119 865; baseline -0.005 -16"><span class='ocrx_word' id='word_1_31' title='bbox 190 790 285 849; x_wconf 87' lang='lat' dir='ltr'>testes</span> <span class='ocrx_word' id='word_1_32' title='bbox 302 804 359 865; x_wconf 92' lang='lat' dir='ltr'>pro</span> <span class='ocrx_word' id='word_1_33' title='bbox 371 783 608 864; x_wconf 84' lang='lat' dir='ltr'>petre-familias</span> <span class='ocrx_word' id='word_1_34' title='bbox 623 789 677 844; x_wconf 87' lang='lat' dir='ltr'>aut</span> <span class='ocrx_word' id='word_1_35' title='bbox 689 783 816 844; x_wconf 91' lang='lat' dir='ltr'>domino</span> <span class='ocrx_word' id='word_1_36' title='bbox 827 801 895 845; x_wconf 88' lang='lat' dir='ltr'>esse</span> <span class='ocrx_word' id='word_1_37' title='bbox 907 801 969 844; x_wconf 91' lang='lat' dir='ltr'>non</span> <span class='ocrx_word' id='word_1_38' title='bbox 989 783 1119 861; x_wconf 84' lang='lat' dir='ltr'>possint,</span> 
     </span>
     <span class='ocr_line' id='line_1_7' title="bbox 190 875 1122 955; baseline -0.006 -13"><span class='ocrx_word' id='word_1_39' title='bbox 190 900 249 942; x_wconf 87' lang='lat' dir='ltr'>nec</span> <span class='ocrx_word' id='word_1_40' title='bbox 262 879 454 955; x_wconf 84' lang='lat' dir='ltr'>incivilibus,</span> <span class='ocrx_word' id='word_1_41' title='bbox 469 895 527 938; x_wconf 90' lang='lat' dir='ltr'>nee</span> <span class='ocrx_word' id='word_1_42' title='bbox 541 877 574 936; x_wconf 92' lang='lat' dir='ltr'>in</span> <span class='ocrx_word' id='word_1_43' title='bbox 589 875 813 952; x_wconf 79' lang='lat' dir='ltr'>criminalibus,</span> <span class='ocrx_word' id='word_1_44' title='bbox 822 875 862 936; x_wconf 92' lang='lat' dir='ltr'>ob</span> <span class='ocrx_word' id='word_1_45' title='bbox 874 875 1049 954; x_wconf 90' lang='lat' dir='ltr'>periculum</span> <span class='ocrx_word' id='word_1_46' title='bbox 1062 875 1122 936; x_wconf 93' lang='lat' dir='ltr'>sci-</span> 
     </span>
     <span class='ocr_line' id='line_1_8' title="bbox 189 967 1123 1053; baseline -0.006 -19"><span class='ocrx_word' id='word_1_47' title='bbox 189 973 273 1050; x_wconf 89' lang='lat' dir='ltr'>licet,</span> <span class='ocrx_word' id='word_1_48' title='bbox 291 970 374 1053; x_wconf 89' lang='lat' dir='ltr'>quod</span> <span class='ocrx_word' id='word_1_49' title='bbox 386 972 418 1032; x_wconf 86' lang='lat' dir='ltr'>in</span> <span class='ocrx_word' id='word_1_50' title='bbox 429 971 506 1032; x_wconf 87' lang='lat' dir='ltr'>tales</span> <span class='ocrx_word' id='word_1_51' title='bbox 519 987 668 1049; x_wconf 80' lang='lat' dir='ltr'>personas</span> <span class='ocrx_word' id='word_1_52' title='bbox 678 968 872 1045; x_wconf 87' lang='lat' dir='ltr'>facilecadit,</span> <span class='ocrx_word' id='word_1_53' title='bbox 882 987 921 1028; x_wconf 91' lang='lat' dir='ltr'>ne</span> <span class='ocrx_word' id='word_1_54' title='bbox 932 967 1009 1028; x_wconf 90' lang='lat' dir='ltr'>dum</span> <span class='ocrx_word' id='word_1_55' title='bbox 1020 968 1123 1030; x_wconf 87' lang='lat' dir='ltr'>domi-</span> 
     </span>
     <span class='ocr_line' id='line_1_9' title="bbox 189 1061 1121 1144; baseline -0.004 -18"><span class='ocrx_word' id='word_1_56' title='bbox 189 1065 237 1126; x_wconf 87' lang='lat' dir='ltr'>nis</span> <span class='ocrx_word' id='word_1_57' title='bbox 249 1082 360 1144; x_wconf 88' lang='lat' dir='ltr'>parere</span> <span class='ocrx_word' id='word_1_58' title='bbox 373 1066 404 1125; x_wconf 87' lang='lat' dir='ltr'>et</span> <span class='ocrx_word' id='word_1_59' title='bbox 417 1065 523 1124; x_wconf 83' lang='lat' dir='ltr'>lavere</span> <span class='ocrx_word' id='word_1_60' title='bbox 542 1062 652 1124; x_wconf 90' lang='lat' dir='ltr'>volunt</span> <span class='ocrx_word' id='word_1_61' title='bbox 665 1107 673 1138; x_wconf 91' lang='lat'>,</span> <span class='ocrx_word' id='word_1_62' title='bbox 687 1061 801 1122; x_wconf 84' lang='lat' dir='ltr'>falsum</span> <span class='ocrx_word' id='word_1_63' title='bbox 817 1061 995 1138; x_wconf 79' lang='lat' dir='ltr'>deponant,</span> <span class='ocrx_word' id='word_1_64' title='bbox 1021 1065 1051 1122; x_wconf 91' lang='lat' dir='ltr'>et</span> <span class='ocrx_word' id='word_1_65' title='bbox 1069 1080 1121 1140; x_wconf 90' lang='lat' dir='ltr'>pe-</span> 
     </span>
     <span class='ocr_line' id='line_1_10' title="bbox 187 1153 1121 1239; baseline -0.002 -21"><span class='ocrx_word' id='word_1_66' title='bbox 187 1157 302 1239; x_wconf 81' lang='lat' dir='ltr'>jerent.</span> <span class='ocrx_word' id='word_1_67' title='bbox 319 1157 352 1219; x_wconf 90' lang='lat' dir='ltr'>Si</span> <span class='ocrx_word' id='word_1_68' title='bbox 372 1161 478 1218; x_wconf 88' lang='lat' dir='ltr'>tamen</span> <span class='ocrx_word' id='word_1_69' title='bbox 504 1153 631 1216; x_wconf 79' lang='lat' dir='ltr'>desierit</span> <span class='ocrx_word' id='word_1_70' title='bbox 656 1173 723 1222; x_wconf 88' lang='lat' dir='ltr'>esse</span> <span class='ocrx_word' id='word_1_71' title='bbox 761 1153 949 1215; x_wconf 85' lang='lat' dir='ltr'>domesticus</span> <span class='ocrx_word' id='word_1_72' title='bbox 980 1158 1121 1235; x_wconf 87' lang='lat' dir='ltr'>tempore</span> 
     </span>
     <span class='ocr_line' id='line_1_11' title="bbox 190 1246 1119 1330; baseline -0.003 -18"><span class='ocrx_word' id='word_1_73' title='bbox 190 1249 403 1330; x_wconf 87' lang='lat' dir='ltr'>depositionis,</span> <span class='ocrx_word' id='word_1_74' title='bbox 415 1249 458 1310; x_wconf 85' lang='lat' dir='ltr'>ita</span> <span class='ocrx_word' id='word_1_75' title='bbox 469 1251 504 1310; x_wconf 90' lang='lat' dir='ltr'>ut</span> <span class='ocrx_word' id='word_1_76' title='bbox 515 1248 610 1308; x_wconf 88' lang='lat' dir='ltr'>allata</span> <span class='ocrx_word' id='word_1_77' title='bbox 623 1246 815 1308; x_wconf 87' lang='lat' dir='ltr'>ratiolocum</span> <span class='ocrx_word' id='word_1_78' title='bbox 824 1246 856 1306; x_wconf 91' lang='lat' dir='ltr'>in</span> <span class='ocrx_word' id='word_1_79' title='bbox 870 1264 907 1306; x_wconf 93' lang='lat' dir='ltr'>eo</span> <span class='ocrx_word' id='word_1_80' title='bbox 918 1265 981 1308; x_wconf 88' lang='lat' dir='ltr'>non</span> <span class='ocrx_word' id='word_1_81' title='bbox 993 1246 1119 1325; x_wconf 91' lang='lat' dir='ltr'>habeat,</span> 
     </span>
     <span class='ocr_line' id='line_1_12' title="bbox 189 1339 1121 1422; baseline -0.002 -18"><span class='ocrx_word' id='word_1_82' title='bbox 189 1343 300 1422; x_wconf 87' lang='lat' dir='ltr'>repelli</span> <span class='ocrx_word' id='word_1_83' title='bbox 310 1360 373 1403; x_wconf 90' lang='lat' dir='ltr'>non</span> <span class='ocrx_word' id='word_1_84' title='bbox 388 1343 500 1420; x_wconf 89' lang='lat' dir='ltr'>potest,</span> <span class='ocrx_word' id='word_1_85' title='bbox 513 1340 573 1400; x_wconf 90' lang='lat' dir='ltr'>nisi</span> <span class='ocrx_word' id='word_1_86' title='bbox 584 1341 670 1400; x_wconf 86' lang='lat' dir='ltr'>fraus</span> <span class='ocrx_word' id='word_1_87' title='bbox 680 1339 796 1419; x_wconf 90' lang='lat' dir='ltr'>aliqua,</span> <span class='ocrx_word' id='word_1_88' title='bbox 808 1357 878 1418; x_wconf 87' lang='lat' dir='ltr'>quse</span> <span class='ocrx_word' id='word_1_89' title='bbox 887 1339 1007 1402; x_wconf 90' lang='lat' dir='ltr'>inillius</span> <span class='ocrx_word' id='word_1_90' title='bbox 1016 1339 1121 1402; x_wconf 88' lang='lat' dir='ltr'>dimis-</span> 
     </span>
     <span class='ocr_line' id='line_1_13' title="bbox 190 1431 1120 1513; baseline -0.005 -15"><span class='ocrx_word' id='word_1_91' title='bbox 190 1436 278 1498; x_wconf 89' lang='lat' dir='ltr'>sione</span> <span class='ocrx_word' id='word_1_92' title='bbox 306 1432 453 1513; x_wconf 83' lang='lat' dir='ltr'>praesumi</span> <span class='ocrx_word' id='word_1_93' title='bbox 481 1435 607 1511; x_wconf 86' lang='lat' dir='ltr'>posset,</span> <span class='ocrx_word' id='word_1_94' title='bbox 624 1434 678 1494; x_wconf 90' lang='lat' dir='ltr'>aut</span> <span class='ocrx_word' id='word_1_95' title='bbox 696 1432 781 1494; x_wconf 90' lang='lat' dir='ltr'>eirca</span> <span class='ocrx_word' id='word_1_96' title='bbox 799 1431 1006 1494; x_wconf 90' lang='lat' dir='ltr'>domesticum</span> <span class='ocrx_word' id='word_1_97' title='bbox 1024 1433 1120 1494; x_wconf 88' lang='lat' dir='ltr'>telem</span> 
     </span>
     <span class='ocr_line' id='line_1_14' title="bbox 190 1523 1118 1604; baseline -0.003 -15"><span class='ocrx_word' id='word_1_98' title='bbox 190 1527 338 1591; x_wconf 84' lang='lat' dir='ltr'>honestas</span> <span class='ocrx_word' id='word_1_99' title='bbox 353 1529 385 1587; x_wconf 89' lang='lat' dir='ltr'>et</span> <span class='ocrx_word' id='word_1_100' title='bbox 397 1525 560 1604; x_wconf 82' lang='lat' dir='ltr'>integritas</span> <span class='ocrx_word' id='word_1_101' title='bbox 570 1542 696 1586; x_wconf 88' lang='lat' dir='ltr'>omnem</span> <span class='ocrx_word' id='word_1_102' title='bbox 710 1523 779 1584; x_wconf 84' lang='lat' dir='ltr'>falsi</span> <span class='ocrx_word' id='word_1_103' title='bbox 794 1523 1002 1604; x_wconf 76' lang='lat' dir='ltr'>suspicionem</span> <span class='ocrx_word' id='word_1_104' title='bbox 1014 1524 1118 1599; x_wconf 90' lang='lat' dir='ltr'>tollet;</span> 
     </span>
     <span class='ocr_line' id='line_1_15' title="bbox 191 1615 1122 1697; baseline -0.001 -18"><span class='ocrx_word' id='word_1_105' title='bbox 191 1621 247 1680; x_wconf 88' lang='lat' dir='ltr'>eut</span> <span class='ocrx_word' id='word_1_106' title='bbox 264 1619 457 1697; x_wconf 88' lang='lat' dir='ltr'>producatur</span> <span class='ocrx_word' id='word_1_107' title='bbox 472 1620 592 1679; x_wconf 89' lang='lat' dir='ltr'>tantum</span> <span class='ocrx_word' id='word_1_108' title='bbox 605 1617 646 1678; x_wconf 90' lang='lat' dir='ltr'>ad</span> <span class='ocrx_word' id='word_1_109' title='bbox 666 1615 878 1678; x_wconf 90' lang='lat' dir='ltr'>innocentiam</span> <span class='ocrx_word' id='word_1_110' title='bbox 893 1617 1011 1678; x_wconf 88' lang='lat' dir='ltr'>domini</span> <span class='ocrx_word' id='word_1_111' title='bbox 1028 1635 1122 1679; x_wconf 85' lang='lat' dir='ltr'>aecu-</span> 
     </span>
     <span class='ocr_line' id='line_1_16' title="bbox 190 1709 1121 1789; baseline -0.002 -15"><span class='ocrx_word' id='word_1_112' title='bbox 190 1710 260 1787; x_wconf 84' lang='lat' dir='ltr'>sati,</span> <span class='ocrx_word' id='word_1_113' title='bbox 282 1711 333 1773; x_wconf 88' lang='lat' dir='ltr'>vel</span> <span class='ocrx_word' id='word_1_114' title='bbox 355 1709 492 1788; x_wconf 86' lang='lat' dir='ltr'>suspecti</span> <span class='ocrx_word' id='word_1_115' title='bbox 508 1709 714 1789; x_wconf 89' lang='lat' dir='ltr'>probandam,</span> <span class='ocrx_word' id='word_1_116' title='bbox 728 1713 782 1770; x_wconf 91' lang='lat' dir='ltr'>aut</span> <span class='ocrx_word' id='word_1_117' title='bbox 800 1709 901 1770; x_wconf 87' lang='lat' dir='ltr'>sciens</span> <span class='ocrx_word' id='word_1_118' title='bbox 920 1709 1121 1773; x_wconf 84' lang='lat' dir='ltr'>adversarius</span> 
     </span>
     <span class='ocr_line' id='line_1_17' title="bbox 189 1801 1122 1880; baseline 0 -16"><span class='ocrx_word' id='word_1_119' title='bbox 189 1821 263 1864; x_wconf 87' lang='lat' dir='ltr'>reue</span> <span class='ocrx_word' id='word_1_120' title='bbox 276 1805 531 1866; x_wconf 85' lang='lat' dir='ltr'>testescontrase</span> <span class='ocrx_word' id='word_1_121' title='bbox 546 1802 715 1880; x_wconf 88' lang='lat' dir='ltr'>productos</span> <span class='ocrx_word' id='word_1_122' title='bbox 737 1819 804 1863; x_wconf 87' lang='lat' dir='ltr'>esse</span> <span class='ocrx_word' id='word_1_123' title='bbox 829 1801 1017 1864; x_wconf 87' lang='lat' dir='ltr'>domesticos</span> <span class='ocrx_word' id='word_1_124' title='bbox 1035 1806 1122 1864; x_wconf 89' lang='lat' dir='ltr'>acto·</span> 
     </span>
     <span class='ocr_line' id='line_1_18' title="bbox 190 1893 1120 1975; baseline 0 -19"><span class='ocrx_word' id='word_1_125' title='bbox 190 1895 245 1972; x_wconf 89' lang='lat' dir='ltr'>ris,</span> <span class='ocrx_word' id='word_1_126' title='bbox 260 1894 336 1965; x_wconf 87' lang='lat' dir='ltr'>nihil</span> <span class='ocrx_word' id='word_1_127' title='bbox 350 1898 460 1956; x_wconf 85' lang='lat' dir='ltr'>contm</span> <span class='ocrx_word' id='word_1_128' title='bbox 474 1912 527 1956; x_wconf 90' lang='lat' dir='ltr'>eos</span> <span class='ocrx_word' id='word_1_129' title='bbox 540 1893 693 1973; x_wconf 86' lang='lat' dir='ltr'>excipiat;</span> <span class='ocrx_word' id='word_1_130' title='bbox 715 1894 765 1956; x_wconf 89' lang='lat' dir='ltr'>vel</span> <span class='ocrx_word' id='word_1_131' title='bbox 784 1895 824 1956; x_wconf 85' lang='lat' dir='ltr'>sit</span> <span class='ocrx_word' id='word_1_132' title='bbox 843 1894 1005 1975; x_wconf 85' lang='lat' dir='ltr'>utriusque</span> <span class='ocrx_word' id='word_1_133' title='bbox 1023 1895 1120 1973; x_wconf 91' lang='lat' dir='ltr'>partis</span> 
     </span>
     <span class='ocr_line' id='line_1_19' title="bbox 191 1985 1123 2065; baseline 0 -17"><span class='ocrx_word' id='word_1_134' title='bbox 191 1985 391 2065; x_wconf 87' lang='lat' dir='ltr'>domesticus,</span> <span class='ocrx_word' id='word_1_135' title='bbox 405 1991 458 2048; x_wconf 91' lang='lat' dir='ltr'>aut</span> <span class='ocrx_word' id='word_1_136' title='bbox 471 1989 603 2055; x_wconf 84' lang='lat' dir='ltr'>testetur</span> <span class='ocrx_word' id='word_1_137' title='bbox 614 2004 671 2065; x_wconf 92' lang='lat' dir='ltr'>pro</span> <span class='ocrx_word' id='word_1_138' title='bbox 688 1987 813 2048; x_wconf 91' lang='lat' dir='ltr'>domino</span> <span class='ocrx_word' id='word_1_139' title='bbox 829 1992 939 2050; x_wconf 87' lang='lat' dir='ltr'>eontra</span> <span class='ocrx_word' id='word_1_140' title='bbox 953 1987 1048 2051; x_wconf 90' lang='lat' dir='ltr'>alium</span> <span class='ocrx_word' id='word_1_141' title='bbox 1064 1987 1123 2048; x_wconf 85' lang='lat' dir='ltr'>do-</span> 
     </span>
     <span class='ocr_line' id='line_1_20' title="bbox 190 2079 1121 2158; baseline 0.002 -19"><span class='ocrx_word' id='word_1_142' title='bbox 190 2079 365 2157; x_wconf 89' lang='lat' dir='ltr'>mesticum,</span> <span class='ocrx_word' id='word_1_143' title='bbox 382 2079 666 2158; x_wconf 89' lang='lat' dir='ltr'>autproduoatura</span> <span class='ocrx_word' id='word_1_144' title='bbox 681 2079 807 2142; x_wconf 92' lang='lat' dir='ltr'>domino</span> <span class='ocrx_word' id='word_1_145' title='bbox 823 2080 854 2140; x_wconf 91' lang='lat' dir='ltr'>in</span> <span class='ocrx_word' id='word_1_146' title='bbox 870 2099 965 2142; x_wconf 87' lang='lat' dir='ltr'>causa</span> <span class='ocrx_word' id='word_1_147' title='bbox 987 2080 1121 2141; x_wconf 88' lang='lat' dir='ltr'>difficilis</span> 
     </span>
     <span class='ocr_line' id='line_1_21' title="bbox 187 2171 1120 2254; baseline -0.001 -20"><span class='ocrx_word' id='word_1_148' title='bbox 187 2172 393 2252; x_wconf 88' lang='lat' dir='ltr'>probationis,</span> <span class='ocrx_word' id='word_1_149' title='bbox 405 2173 437 2233; x_wconf 93' lang='lat' dir='ltr'>in</span> <span class='ocrx_word' id='word_1_150' title='bbox 451 2171 625 2234; x_wconf 88' lang='lat' dir='ltr'>subsidium</span> <span class='ocrx_word' id='word_1_151' title='bbox 639 2171 772 2234; x_wconf 88' lang='lat' dir='ltr'>aliorum</span> <span class='ocrx_word' id='word_1_152' title='bbox 786 2173 924 2250; x_wconf 87' lang='lat' dir='ltr'>testium,</span> <span class='ocrx_word' id='word_1_153' title='bbox 942 2173 996 2254; x_wconf 84' lang='lat' dir='ltr'>qui</span> <span class='ocrx_word' id='word_1_154' title='bbox 1009 2173 1120 2234; x_wconf 89' lang='lat' dir='ltr'>haberi</span> 
     </span>
     <span class='ocr_line' id='line_1_22' title="bbox 189 2265 1120 2346; baseline -0.002 -18"><span class='ocrx_word' id='word_1_155' title='bbox 189 2266 394 2346; x_wconf 89' lang='lat' dir='ltr'>nonpossint,</span> <span class='ocrx_word' id='word_1_156' title='bbox 409 2271 482 2343; x_wconf 81' lang='lat' dir='ltr'>eta,</span> <span class='ocrx_word' id='word_1_157' title='bbox 497 2266 640 2346; x_wconf 90' lang='lat' dir='ltr'>quamvis</span> <span class='ocrx_word' id='word_1_158' title='bbox 651 2265 683 2326; x_wconf 91' lang='lat' dir='ltr'>in</span> <span class='ocrx_word' id='word_1_159' title='bbox 693 2265 808 2328; x_wconf 86' lang='lat' dir='ltr'>talibus</span> <span class='ocrx_word' id='word_1_160' title='bbox 819 2266 913 2328; x_wconf 90' lang='lat' dir='ltr'>etiam</span> <span class='ocrx_word' id='word_1_161' title='bbox 925 2266 1120 2329; x_wconf 88' lang='lat' dir='ltr'>casibusnon</span> 
     </span>
     <span class='ocr_line' id='line_1_23' title="bbox 189 2358 1116 2442; baseline 0.002 -22"><span class='ocrx_word' id='word_1_162' title='bbox 189 2358 251 2422; x_wconf 82' lang='lat' dir='ltr'>sint</span> <span class='ocrx_word' id='word_1_163' title='bbox 264 2359 394 2440; x_wconf 77' lang='lat' dir='ltr'>integrm</span> <span class='ocrx_word' id='word_1_164' title='bbox 409 2358 482 2420; x_wconf 91' lang='lat' dir='ltr'>fidei</span> <span class='ocrx_word' id='word_1_165' title='bbox 495 2363 604 2437; x_wconf 87' lang='lat' dir='ltr'>testes,</span> <span class='ocrx_word' id='word_1_166' title='bbox 623 2363 654 2422; x_wconf 90' lang='lat' dir='ltr'>ct</span> <span class='ocrx_word' id='word_1_167' title='bbox 668 2359 753 2421; x_wconf 90' lang='lat' dir='ltr'>omni</span> <span class='ocrx_word' id='word_1_168' title='bbox 773 2360 956 2440; x_wconf 87' lang='lat' dir='ltr'>exceptione</span> <span class='ocrx_word' id='word_1_169' title='bbox 969 2359 1116 2442; x_wconf 86' lang='lat' dir='ltr'>majores.</span> 
     </span>
    </p>

    <p class='ocr_par' dir='ltr' id='par_1_4' title="bbox 186 2451 1119 2714">
     <span class='ocr_line' id='line_1_24' title="bbox 228 2451 1119 2532; baseline 0.003 -21"><span class='ocrx_word' id='word_1_170' title='bbox 228 2451 324 2512; x_wconf 79' lang='lat' dir='ltr'>Tertii</span> <span class='ocrx_word' id='word_1_171' title='bbox 339 2451 462 2530; x_wconf 89' lang='lat' dir='ltr'>generis</span> <span class='ocrx_word' id='word_1_172' title='bbox 477 2451 651 2528; x_wconf 90' lang='lat' dir='ltr'>domestici,</span> <span class='ocrx_word' id='word_1_173' title='bbox 665 2453 720 2532; x_wconf 87' lang='lat' dir='ltr'>qui</span> <span class='ocrx_word' id='word_1_174' title='bbox 731 2452 900 2514; x_wconf 82' lang='lat' dir='ltr'>familiares</span> <span class='ocrx_word' id='word_1_175' title='bbox 916 2457 948 2514; x_wconf 88' lang='lat' dir='ltr'>et</span> <span class='ocrx_word' id='word_1_176' title='bbox 961 2471 1119 2515; x_wconf 89' lang='lat' dir='ltr'>commen-</span> 
     </span>
     <span class='ocr_line' id='line_1_25' title="bbox 188 2541 1119 2622; baseline 0.004 -20"><span class='ocrx_word' id='word_1_177' title='bbox 188 2541 269 2602; x_wconf 80' lang='lat' dir='ltr'>sales</span> <span class='ocrx_word' id='word_1_178' title='bbox 284 2542 440 2618; x_wconf 88' lang='lat' dir='ltr'>dicnntur,</span> <span class='ocrx_word' id='word_1_179' title='bbox 454 2547 586 2619; x_wconf 90' lang='lat' dir='ltr'>possunt</span> <span class='ocrx_word' id='word_1_180' title='bbox 598 2543 726 2622; x_wconf 91' lang='lat' dir='ltr'>quidem</span> <span class='ocrx_word' id='word_1_181' title='bbox 737 2545 879 2622; x_wconf 88' lang='lat' dir='ltr'>produci,</span> <span class='ocrx_word' id='word_1_182' title='bbox 888 2548 919 2607; x_wconf 91' lang='lat' dir='ltr'>et</span> <span class='ocrx_word' id='word_1_183' title='bbox 926 2546 1048 2611; x_wconf 89' lang='lat' dir='ltr'>admitti</span> <span class='ocrx_word' id='word_1_184' title='bbox 1064 2546 1119 2607; x_wconf 91' lang='lat' dir='ltr'>de-</span> 
     </span>
     <span class='ocr_line' id='line_1_26' title="bbox 186 2630 1118 2714; baseline 0.006 -20"><span class='ocrx_word' id='word_1_185' title='bbox 186 2630 273 2710; x_wconf 86' lang='lat' dir='ltr'>bent,</span> <span class='ocrx_word' id='word_1_186' title='bbox 289 2635 325 2694; x_wconf 88' lang='lat' dir='ltr'>ut</span> <span class='ocrx_word' id='word_1_187' title='bbox 335 2635 430 2694; x_wconf 88' lang='lat' dir='ltr'>testes</span> <span class='ocrx_word' id='word_1_188' title='bbox 444 2632 477 2695; x_wconf 90' lang='lat' dir='ltr'>iu</span> <span class='ocrx_word' id='word_1_189' title='bbox 491 2633 723 2713; x_wconf 84' lang='lat' dir='ltr'>causiseorum,</span> <span class='ocrx_word' id='word_1_190' title='bbox 741 2636 854 2714; x_wconf 89' lang='lat' dir='ltr'>quibus</span> <span class='ocrx_word' id='word_1_191' title='bbox 868 2637 899 2698; x_wconf 93' lang='lat' dir='ltr'>in</span> <span class='ocrx_word' id='word_1_192' title='bbox 913 2638 1031 2700; x_wconf 90' lang='lat' dir='ltr'>eisdem</span> <span class='ocrx_word' id='word_1_193' title='bbox 1046 2637 1118 2700; x_wconf 86' lang='lat' dir='ltr'>aedi·</span> 
     </span>
    </p>
   </div>
   <div class='ocr_carea' id='block_1_3' title="bbox 95 2723 1117 2808">
    <p class='ocr_par' dir='ltr' id='par_1_5' title="bbox 95 2723 1117 2808">
     <span class='ocr_line' id='line_1_27' title="bbox 95 2723 1117 2808; baseline 0.005 -22"><span class='ocrx_word' id='word_1_194' title='bbox 95 2771 96 2774; x_wconf 63' lang='lat'>,</span> <span class='ocrx_word' id='word_1_195' title='bbox 187 2725 247 2787; x_wconf 87' lang='lat' dir='ltr'>bus</span> <span class='ocrx_word' id='word_1_196' title='bbox 258 2723 376 2805; x_wconf 84' lang='lat' dir='ltr'>absque</span> <span class='ocrx_word' id='word_1_197' title='bbox 390 2723 584 2807; x_wconf 85' lang='lat' dir='ltr'>subjectione</span> <span class='ocrx_word' id='word_1_198' title='bbox 598 2729 704 2787; x_wconf 89' lang='lat' dir='ltr'>tamen</span> <span class='ocrx_word' id='word_1_199' title='bbox 717 2726 822 2807; x_wconf 88' lang='lat' dir='ltr'>aliqua</span> <span class='ocrx_word' id='word_1_200' title='bbox 837 2729 1022 2808; x_wconf 85' lang='lat' dir='ltr'>convivunt,</span> <span class='ocrx_word' id='word_1_201' title='bbox 1039 2735 1071 2793; x_wconf 94' lang='lat' dir='ltr'>et</span> <span class='ocrx_word' id='word_1_202' title='bbox 1085 2731 1117 2792; x_wconf 92' lang='lat' dir='ltr'>in</span> 
     </span>
    </p>
   </div>
   <div class='ocr_carea' id='block_1_4' title="bbox 185 2817 1118 3367">
    <p class='ocr_par' dir='ltr' id='par_1_6' title="bbox 185 2817 1118 3367">
     <span class='ocr_line' id='line_1_28' title="bbox 188 2817 1118 2899; baseline 0.006 -19"><span class='ocrx_word' id='word_1_203' title='bbox 188 2818 300 2880; x_wconf 84' lang='lat' dir='ltr'>eadem</span> <span class='ocrx_word' id='word_1_204' title='bbox 311 2835 421 2878; x_wconf 89' lang='lat' dir='ltr'>mensa</span> <span class='ocrx_word' id='word_1_205' title='bbox 436 2821 674 2896; x_wconf 88' lang='lat' dir='ltr'>convescuntur,</span> <span class='ocrx_word' id='word_1_206' title='bbox 687 2817 800 2899; x_wconf 83' lang='lat' dir='ltr'>integri</span> <span class='ocrx_word' id='word_1_207' title='bbox 813 2825 918 2883; x_wconf 89' lang='lat' dir='ltr'>tamen</span> <span class='ocrx_word' id='word_1_208' title='bbox 941 2825 1067 2886; x_wconf 90' lang='lat' dir='ltr'>omuino</span> <span class='ocrx_word' id='word_1_209' title='bbox 1087 2827 1118 2886; x_wconf 88' lang='lat' dir='ltr'>et</span> 
     </span>
     <span class='ocr_line' id='line_1_29' title="bbox 187 2909 1116 2991; baseline 0.004 -18"><span class='ocrx_word' id='word_1_210' title='bbox 187 2911 274 2974; x_wconf 90' lang='lat' dir='ltr'>omni</span> <span class='ocrx_word' id='word_1_211' title='bbox 287 2910 469 2991; x_wconf 84' lang='lat' dir='ltr'>exceptione</span> <span class='ocrx_word' id='word_1_212' title='bbox 483 2909 619 2991; x_wconf 64' lang='lat' dir='ltr'>madores</span> <span class='ocrx_word' id='word_1_213' title='bbox 635 2929 698 2974; x_wconf 92' lang='lat' dir='ltr'>non</span> <span class='ocrx_word' id='word_1_214' title='bbox 713 2917 795 2990; x_wconf 88' lang='lat' dir='ltr'>sunt,</span> <span class='ocrx_word' id='word_1_215' title='bbox 818 2914 876 2975; x_wconf 88' lang='lat' dir='ltr'>nisi</span> <span class='ocrx_word' id='word_1_216' title='bbox 892 2916 1030 2976; x_wconf 84' lang='lat' dir='ltr'>maxima</span> <span class='ocrx_word' id='word_1_217' title='bbox 1044 2916 1116 2978; x_wconf 83' lang='lat' dir='ltr'>vitae</span> 
     </span>
     <span class='ocr_line' id='line_1_30' title="bbox 185 3003 1117 3086; baseline 0.004 -20"><span class='ocrx_word' id='word_1_218' title='bbox 185 3004 324 3086; x_wconf 81' lang='lat' dir='ltr'>probitas</span> <span class='ocrx_word' id='word_1_219' title='bbox 338 3022 463 3066; x_wconf 87' lang='lat' dir='ltr'>omnem</span> <span class='ocrx_word' id='word_1_220' title='bbox 477 3003 687 3083; x_wconf 89' lang='lat' dir='ltr'>suspicionem</span> <span class='ocrx_word' id='word_1_221' title='bbox 697 3005 829 3078; x_wconf 85' lang='lat' dir='ltr'>tolleret.</span> <span class='ocrx_word' id='word_1_222' title='bbox 845 3007 915 3068; x_wconf 89' lang='lat' dir='ltr'>Peri</span> <span class='ocrx_word' id='word_1_223' title='bbox 930 3008 1025 3070; x_wconf 91' lang='lat' dir='ltr'>modu</span> <span class='ocrx_word' id='word_1_224' title='bbox 1037 3008 1117 3070; x_wconf 90' lang='lat' dir='ltr'>ami·</span> 
     </span>
     <span class='ocr_line' id='line_1_31' title="bbox 186 3087 1112 3181; baseline 0.005 -23"><span class='ocrx_word' id='word_1_225' title='bbox 186 3115 240 3160; x_wconf 88' lang='lat' dir='ltr'>cus</span> <span class='ocrx_word' id='word_1_226' title='bbox 250 3117 307 3179; x_wconf 90' lang='lat' dir='ltr'>pro</span> <span class='ocrx_word' id='word_1_227' title='bbox 320 3099 419 3162; x_wconf 85' lang='lat' dir='ltr'>amico</span> <span class='ocrx_word' id='word_1_228' title='bbox 425 3099 533 3160; x_wconf 88' lang='lat' dir='ltr'>testari</span> <span class='ocrx_word' id='word_1_229' title='bbox 541 3101 653 3176; x_wconf 85' lang='lat' dir='ltr'>potest,</span> <span class='ocrx_word' id='word_1_230' title='bbox 663 3097 701 3160; x_wconf 86' lang='lat' dir='ltr'>de</span> <span class='ocrx_word' id='word_1_231' title='bbox 708 3098 805 3179; x_wconf 86' lang='lat' dir='ltr'>ipsius</span> <span class='ocrx_word' id='word_1_232' title='bbox 812 3103 917 3162; x_wconf 88' lang='lat' dir='ltr'>tamen</span> <span class='ocrx_word' id='word_1_233' title='bbox 928 3101 990 3162; x_wconf 90' lang='lat' dir='ltr'>fide</span> <span class='ocrx_word' id='word_1_234' title='bbox 1000 3087 1112 3181; x_wconf 78' lang='lat' dir='ltr'>magis,</span> 
     </span>
     <span class='ocr_line' id='line_1_32' title="bbox 185 3190 1115 3275; baseline 0.008 -26"><span class='ocrx_word' id='word_1_235' title='bbox 185 3190 327 3252; x_wconf 87' lang='lat' dir='ltr'>minusve</span> <span class='ocrx_word' id='word_1_236' title='bbox 341 3191 476 3254; x_wconf 89' lang='lat' dir='ltr'>dubitari</span> <span class='ocrx_word' id='word_1_237' title='bbox 488 3193 601 3270; x_wconf 87' lang='lat' dir='ltr'>potest,</span> <span class='ocrx_word' id='word_1_238' title='bbox 617 3209 674 3270; x_wconf 87' lang='lat' dir='ltr'>pro</span> <span class='ocrx_word' id='word_1_239' title='bbox 687 3192 835 3272; x_wconf 89' lang='lat' dir='ltr'>qualitate</span> <span class='ocrx_word' id='word_1_240' title='bbox 857 3194 1002 3256; x_wconf 85' lang='lat' dir='ltr'>amicitiae</span> <span class='ocrx_word' id='word_1_241' title='bbox 1016 3199 1048 3256; x_wconf 85' lang='lat' dir='ltr'>et</span> <span class='ocrx_word' id='word_1_242' title='bbox 1062 3193 1115 3275; x_wconf 88' lang='lat' dir='ltr'>ju·</span> 
     </span>
     <span class='ocr_line' id='line_1_33' title="bbox 185 3280 1111 3367; baseline 0.008 -24"><span class='ocrx_word' id='word_1_243' title='bbox 185 3280 262 3344; x_wconf 89' lang='lat' dir='ltr'>dicis</span> <span class='ocrx_word' id='word_1_244' title='bbox 270 3284 400 3346; x_wconf 90' lang='lat' dir='ltr'>arbitrio</span> <span class='ocrx_word' id='word_1_245' title='bbox 415 3300 422 3344; x_wconf 91' lang='lat'><strong>:</strong></span> <span class='ocrx_word' id='word_1_246' title='bbox 439 3288 470 3348; x_wconf 91' lang='lat' dir='ltr'>et</span> <span class='ocrx_word' id='word_1_247' title='bbox 484 3284 627 3366; x_wconf 87' lang='lat' dir='ltr'>quemvis</span> <span class='ocrx_word' id='word_1_248' title='bbox 640 3284 745 3346; x_wconf 90' lang='lat' dir='ltr'>idonei</span> <span class='ocrx_word' id='word_1_249' title='bbox 757 3289 852 3350; x_wconf 88' lang='lat' dir='ltr'>testes</span> <span class='ocrx_word' id='word_1_250' title='bbox 862 3307 925 3350; x_wconf 89' lang='lat' dir='ltr'>non</span> <span class='ocrx_word' id='word_1_251' title='bbox 934 3287 1111 3367; x_wconf 81' lang='lat' dir='ltr'>videantur,</span> 
     </span>
    </p>
   </div>
   <div class='ocr_carea' id='block_1_5' title="bbox 1269 228 1284 732">
    <p class='ocr_par' dir='ltr' id='par_1_7' title="bbox 1269 228 1284 732">
     <span class='ocr_line' id='line_1_34' title="bbox 1270 228 1284 333; baseline 0 0"><span class='ocrx_word' id='word_1_252' title='bbox 1270 228 1284 333; x_wconf 80' lang='lat' dir='ltr'>l</span> 
     </span>
     <span class='ocr_line' id='line_1_35' title="bbox 1270 360 1277 549; baseline 0 0"><span class='ocrx_word' id='word_1_253' title='bbox 1270 360 1277 549; x_wconf 77' lang='lat' dir='ltr'>l</span> 
     </span>
     <span class='ocr_line' id='line_1_36' title="bbox 1269 555 1284 732; baseline 0 -62"><span class='ocrx_word' id='word_1_254' title='bbox 1269 555 1284 732; x_wconf 60' lang='lat' dir='ltr'>l</span> 
     </span>
    </p>
   </div>
   <div class='ocr_carea' id='block_1_6' title="bbox 1278 1687 1284 1766">
    <p class='ocr_par' dir='ltr' id='par_1_8' title="bbox 1278 1687 1284 1766">
     <span class='ocr_line' id='line_1_37' title="bbox 1283 1687 1284 1710; baseline 0 0"><span class='ocrx_word' id='word_1_255' title='bbox 1283 1687 1284 1710; x_wconf 84' lang='lat' dir='ltr'>l</span> 
     </span>
     <span class='ocr_line' id='line_1_38' title="bbox 1278 1727 1284 1766; baseline 0 0"><span class='ocrx_word' id='word_1_256' title='bbox 1278 1727 1284 1766; x_wconf 74' lang='lat' dir='ltr'>l</span> 
     </span>
    </p>
   </div>
   <div class='ocr_carea' id='block_1_7' title="bbox 185 3374 1282 3480">
    <p class='ocr_par' dir='ltr' id='par_1_9' title="bbox 185 3374 1282 3480">
     <span class='ocr_line' id='line_1_39' title="bbox 185 3374 1282 3480; baseline 0.009 -44"><span class='ocrx_word' id='word_1_257' title='bbox 185 3374 299 3455; x_wconf 83' lang='lat' dir='ltr'>quibus</span> <span class='ocrx_word' id='word_1_258' title='bbox 315 3376 463 3456; x_wconf 85' lang='lat' dir='ltr'>imperari</span> <span class='ocrx_word' id='word_1_259' title='bbox 478 3381 591 3456; x_wconf 86' lang='lat' dir='ltr'>potest,</span> <span class='ocrx_word' id='word_1_260' title='bbox 604 3395 624 3438; x_wconf 89' lang='lat' dir='ltr'>a</span> <span class='ocrx_word' id='word_1_261' title='bbox 635 3377 828 3458; x_wconf 88' lang='lat' dir='ltr'>producente</span> <span class='ocrx_word' id='word_1_262' title='bbox 843 3400 908 3460; x_wconf 86' lang='lat' dir='ltr'>eos,</span> <span class='ocrx_word' id='word_1_263' title='bbox 927 3382 952 3444; x_wconf 88' lang='lat' dir='ltr'>si</span> <span class='ocrx_word' id='word_1_264' title='bbox 967 3401 1025 3462; x_wconf 88' lang='lat' dir='ltr'>pro</span> <span class='ocrx_word' id='word_1_265' title='bbox 1042 3401 1113 3462; x_wconf 88' lang='lat' dir='ltr'>pro·</span> <span class='ocrx_word' id='word_1_266' title='bbox 1218 3457 1221 3462; x_wconf 39' lang='grc'><strong>,</strong></span> <span class='ocrx_word' id='word_1_267' title='bbox 1281 3469 1282 3480; x_wconf 15' lang='lat'>¹</span> 
     </span>
    </p>
   </div>
   <div class='ocr_carea' id='block_1_8' title="bbox 185 3465 1113 3552">
    <p class='ocr_par' dir='ltr' id='par_1_10' title="bbox 185 3465 1113 3552">
     <span class='ocr_line' id='line_1_40' title="bbox 185 3465 1113 3552; baseline 0.016 -25"><span class='ocrx_word' id='word_1_268' title='bbox 185 3465 318 3536; x_wconf 82' lang='lat' dir='ltr'>ducente</span> <span class='ocrx_word' id='word_1_269' title='bbox 332 3471 498 3546; x_wconf 79' lang='lat' dir='ltr'>testentur,</span> <span class='ocrx_word' id='word_1_270' title='bbox 511 3469 539 3531; x_wconf 91' lang='lat' dir='ltr'>si</span> <span class='ocrx_word' id='word_1_271' title='bbox 551 3473 658 3537; x_wconf 86' lang='lat' dir='ltr'>tamen</span> <span class='ocrx_word' id='word_1_272' title='bbox 671 3471 827 3552; x_wconf 79' lang='lat' dir='ltr'>imperare</span> <span class='ocrx_word' id='word_1_273' title='bbox 842 3474 893 3538; x_wconf 86' lang='lat' dir='ltr'>hio</span> <span class='ocrx_word' id='word_1_274' title='bbox 907 3476 1022 3542; x_wconf 83' lang='lat' dir='ltr'>talibus</span> <span class='ocrx_word' id='word_1_275' title='bbox 1042 3482 1113 3552; x_wconf 54' lang='lat' dir='ltr'>taur</span> 
     </span>
    </p>
   </div>
   <div class='ocr_carea' id='block_1_9' title="bbox 0 0 1296 4022">
    <p class='ocr_par' dir='ltr' id='par_1_11' title="bbox 0 0 1296 4022">
     <span class='ocr_line' id='line_1_41' title="bbox 0 0 1296 4022; baseline 0 1"><span class='ocrx_word' id='word_1_276' title='bbox 0 0 1296 4022; x_wconf 95' lang='lat' dir='ltr'> </span> 
     </span>
    </p>
   </div>
  </div>
 </body>
</html>
