2584 4022
587 273 626 323 ne
647 274 785 324 runicus.
1131 263 1152 324 s

219 419 253 484 iu
273 417 322 483 his
337 419 483 483 omnibns
503 437 672 482 consensus
695 420 793 500 patris
813 419 992 500 requiratur
1016 419 1057 482 ad
1074 417 1154 482 inta-

219 513 1154 604 grandampersonamtilii),nisialienonomine‚utprocure-

220 611 280 684 tor,
290 627 321 668 v.
331 605 921 686 g.,stetinjudicio,vellissitdebonis
930 605 1149 683 castrensibus,

219 698 370 779 veluuasi
386 698 608 775 castrensibus
616 698 667 760 vel
674 701 765 778 pater
778 698 902 777 lougius
917 697 1008 774 absit,
1016 698 1069 777 qui
1082 694 1153 777 pross

134 819 140 826 ¹
219 793 397 854 curatorem
406 809 468 852 non
480 790 678 870 relinquerit3
691 794 745 852 aut
755 790 858 854 inutili
867 793 955 869 petre
967 790 1006 852 ad
1018 808 1067 852 res
1079 809 1152 852 suas

219 883 375 965 curandas
389 901 485 964 agere
497 883 592 957 velit3
609 883 659 945 vel
676 883 709 944 in
721 883 955 964 praeparatoriis
967 887 1089 947 tantum
1100 883 1153 964 ju-

220 977 292 1039 dicii
307 981 380 1040 anta
392 975 455 1038 litis
464 976 722 1040 contestationem
737 980 894 1054 versetur,
909 976 960 1039 vel
974 994 1076 1038 ceusae
1091 975 1154 1039 sint

219 1068 430 1146 beneficiales,
445 1069 633 1148 spirituales,
645 1069 696 1131 vel
710 1069 762 1130 his
772 1087 914 1146 annexa,
925 1069 958 1130 in
969 1068 1082 1150 quibus
1094 1087 1151 1132 nec

214 1161 278 1243 jus,-
295 1181 353 1224 nec
370 1161 599 1224 administratio
614 1161 656 1224 ad
670 1165 793 1240 patrem
805 1163 964 1241 pertinet„

132 1313 136 1328 ,
258 1255 405 1317 Mulieres
419 1254 555 1334 danique
575 1255 686 1316 saltem
700 1254 859 1332 norece,
878 1255 963 1335 quod
983 1254 1088 1318 invitm
1110 1257 1150 1316 ad

216 1347 356 1428 judicem
370 1347 453 1410 trehi
467 1347 675 1428 personaliter
689 1347 895 1427 nonpossint,
910 1366 949 1408 cx
963 1365 1058 1410 causa
1072 1367 1150 1427 qua-

191 1512 194 1516 ·
218 1436 341 1521 cunque
356 1440 477 1521 dejure
492 1458 556 1502 non
569 1458 728 1518 expressa,
741 1441 862 1520 possint
876 1457 969 1516 vero,
990 1439 1016 1500 si
1031 1440 1146 1517 velint,

217 1532 250 1592 in
264 1532 366 1594 causis
381 1532 493 1595 saltem
507 1531 667 1610 civilibus,
684 1532 846 1614 injudicio
861 1551 918 1612 per
931 1550 965 1596 se
980 1536 1073 1611 stare,
1090 1533 1148 1594 nisi

217 1623 278 1688 sini
295 1624 419 1686 feminae
441 1625 615 1704 religiosae,
637 1626 812 1705 presertim
834 1644 905 1706 qua
926 1626 985 1687 sub
1003 1626 1149 1688 clausura

216 1717 335 1796 vivunt,
358 1735 445 1799 quae,
459 1735 518 1778 nec
531 1718 649 1794 vocari,
666 1735 727 1780 nec·
738 1717 862 1782 admitti
876 1717 1002 1780 debant.
1019 1720 1063 1778 De
1079 1718 1147 1780 aliis

217 1810 329 1890 quibus
344 1810 383 1872 de
395 1809 467 1890 jure
482 1809 564 1872 civili
579 1809 781 1872 interdictum
795 1814 842 1872 est
857 1814 941 1875 stare
956 1811 985 1872 in
1005 1809 1143 1892 judicio,

216 1902 589 1983 videanturjuracivilia.

253 1996 304 2058 IIl.
322 1998 434 2058 Utrum
448 1995 736 2058 excommunicatus
749 1997 942 2076 puerascere
956 1996 990 2057 in
1003 1997 1147 2078 jndicio?

215 2091 317 2167 Agere
330 2087 458 2168 quidem
471 2105 534 2149 uon
548 2091 652 2167 potest
665 2089 952 2151 excommunitatus
965 2089 1085 2170 maj0re
1095 2109 1145 2152 ex-

213 2179 505 2258 communicatione,
522 2181 588 2242 sive
602 2198 659 2260 per
673 2199 718 2259 sc,
736 2181 801 2242 sive
817 2199 873 2260 per
885 2182 983 2260 aliud,
995 2184 1060 2244 sive
1071 2183 1145 2246 civi·

212 2272 303 2351 liter,
326 2273 391 2335 sive
405 2273 609 2337 criminaliter
623 2292 717 2352 agere
732 2274 807 2336 velit
827 2275 898 2352 (nisi
912 2276 944 2335 in
964 2293 1060 2336 causa
1078 2294 1144 2338 suae

211 2365 550 2443 excommunicationis,
566 2369 622 2428 aut
634 2366 695 2426 uisi
705 2365 857 2426 toleratus
872 2364 922 2440 sit,
940 2371 972 2424 et
990 2383 1049 2426 noc
1064 2385 1084 2428 a
1091 2367 1144 2447 jn-

214 2457 303 2536 dice,
325 2475 382 2520 nec
397 2477 417 2519 a
430 2455 520 2538 parte
532 2455 731 2537 repellatur);
749 2454 908 2516 conveniri
922 2458 1027 2519 tamen
1041 2463 1145 2537 potest

175 2613 179 2620 ,
213 2555 247 2612 ut
260 2569 352 2628 rcus,
368 2569 413 2612 ne
429 2570 467 2612 ex
481 2549 602 2612 malitia
620 2567 678 2611 sua
692 2549 829 2610 fructum
841 2547 972 2626 lrabeat,
987 2553 1019 2612 et
1031 2551 1142 2612 saltem

210 2660 267 2722 per
280 2645 377 2705 alium
391 2643 424 2704 in
434 2643 554 2725 judicio
568 2643 644 2704 velit
657 2641 860 2721 respondere.

251 2737 340 2809 Quod
355 2736 380 2797 si
392 2753 468 2799 vero
483 2735 522 2796 de
533 2735 616 2797 bono
629 2735 754 2814 publico
767 2734 914 2796 Ecclesiae
927 2735 1142 2814 ageretur,vel
1198 2748 1200 2751 ·

210 2829 250 2888 ad
280 2829 393 2890 animae
416 2828 591 2907 periculum
626 2826 847 2904 devitandum,
871 2826 1141 2888 excommunicato

209 2920 455 3000 comparendum
467 2926 559 2997 esset,
572 2920 623 2982 vel
634 2921 673 2982 ob
684 2937 784 2997 reum,
798 2938 829 2982 v.
846 2938 892 2999 g„
906 2919 1073 2998 fugitivum
1085 2936 1141 2997 pe·

208 3014 343 3076 ricnlum
355 3017 437 3076 esset
446 3014 478 3074 iu
491 3029 590 3091 mora,
603 3013 653 3075 rel
666 3013 691 3074 si
699 3013 741 3073 ad
751 3013 914 3091 premissa
924 3011 982 3070 sibi
997 3009 1141 3070 facienda

207 3106 414 3186 impediretur
429 3105 734 3182 excommunicatus,
751 3106 857 3183 posset
872 3102 966 3163 ctiam
979 3099 1139 3183 injudicio

207 3217 322 3280 egere,
346 3202 401 3261 aut
423 3202 534 3260 cont-ra
555 3201 696 3259 actorem
719 3195 814 3258 etiam
836 3195 1140 3257 excommunicatum

206 3293 361 3373 excipere,
377 3291 429 3352 vel
443 3289 731 3370 compensatiouem
745 3287 778 3348 in
794 3285 862 3368 pari
875 3305 971 3350 causa
984 3287 1137 3368 objicere,

205 3385 280 3465 quia
298 3385 331 3446 in
351 3385 466 3446 talibus
488 3384 617 3446 casibus
630 3381 732 3462 magis
753 3380 879 3443 videtur
902 3399 935 3442 re
948 3379 1137 3458 defendere,

206 3478 292 3558 quod
308 3493 493 3540 concessum
506 3476 553 3538 illi
570 3479 637 3552 est,
662 3491 755 3554 quam
771 3493 881 3554 agere3
905 3477 938 3536 et
951 3471 1094 3554 quamvis
1106 3471 1136 3531 in
