2584 4022
175 213 196 290 β
365 225 595 274 rusmmnouss
614 228 697 277 soors
718 225 873 276 onuourcr.

174 369 383 438 ministerium
396 370 525 452 aliquod
545 372 629 434 eirca
650 373 790 450 clericos,
808 391 840 435 v.
856 391 902 452 g.,
913 368 1102 452 capiendos,

177 469 233 528 aut
245 464 323 526 olias
333 465 532 527 executiones
547 465 669 545 aliquas
680 466 850 542 faciendas,
868 468 941 540 eta,
955 465 1106 528 committi

176 558 271 620 etiam
281 557 361 620 laico
375 561 478 636 potest
492 577 499 619 :
516 565 611 637 prout
627 560 723 621 etiam
735 558 856 620 admitti
871 561 975 636 potest
985 557 1103 633 laicus,

176 651 342 714 edoausas
357 650 416 712 has
433 649 661 732 dijudicandas,
683 655 718 712 ut
730 669 879 726 assessor,
894 650 1102 726 consiliarius,

175 744 325 821 notarius,
348 750 426 821 etc,
448 761 520 806 enm
540 745 608 806 haec
624 745 699 806 talia
716 744 835 806 nullam
853 742 1105 824 jurisdictionem

175 836 356 916 importent.

219 928 270 992 vl.
295 932 339 990 De
367 929 469 990 causis
491 947 570 1008 quos
593 932 729 992 tractare
750 934 782 992 et
802 947 991 1010 cognoscere
1006 931 1108 1008 potest

172 1021 270 1101 judex
284 1021 521 1084 ecclesiasticus
534 1024 551 1085 J
554 1022 636 1084 udex
649 1022 876 1085 ecclesiasticus
891 1021 1106 1102 cujuscunque

176 1113 335 1193 dignitatis
357 1113 406 1190 sit,
430 1133 493 1174 non
507 1117 625 1194 potest,
649 1134 713 1195 qua
725 1115 813 1191 tolie,
831 1114 948 1176 directe
973 1117 1004 1175 et
1023 1113 1106 1174 ordi-

175 1206 264 1268 narie
279 1223 389 1266 causas
403 1222 491 1266 mere
514 1205 637 1283 civiles,
652 1207 704 1267 vel
718 1206 813 1268 etiam
832 1206 1020 1282 criminales,
1036 1224 1107 1286 quae

176 1298 218 1358 ad
236 1297 454 1376 magistratum
467 1299 594 1360 'laicum
613 1299 788 1379 pertinent,
808 1297 968 1378 judicare,
989 1299 1030 1359 ad
1044 1317 1107 1360 nou

177 1390 413 1452 confundendas
441 1395 473 1453 et
491 1391 721 1470 perturbandas
748 1391 1000 1471 jurisdictiones,
1023 1390 1107 1472 quod

175 1481 243 1544 sine
258 1481 409 1561 injustitia
421 1483 488 1543 fieri
510 1501 572 1544 non
586 1487 699 1562 potest.
722 1484 786 1545 Nisi
801 1483 933 1544 crimina
945 1483 1035 1545 mixti
1049 1483 1107 1545 fori

177 1577 296 1649 essent,
319 1573 373 1635 nbi
388 1575 516 1636 daretur
529 1575 625 1636 etiam
640 1575 845 1654 praeventioni
860 1577 963 1652 loeus,
984 1581 1039 1638 aut
1051 1594 1108 1655 per

177 1666 262 1728 viam
277 1667 521 1736 denuntiationis
545 1668 734 1747 evangelicae
758 1668 993 1748 procedendum
1010 1673 1105 1744 esset,

177 1759 261 1821 circa
273 1764 436 1838 peccatum
451 1760 583 1822 mortale
599 1761 714 1822 subditi
726 1761 935 1841 jurisdictioni
948 1762 1108 1823 ecclesias·

177 1851 258 1914 tioae.

217 1945 352 2006 Possunt
368 1951 475 2006 tamen
490 1965 528 2008 ex
547 1947 765 2008 commissione
786 1946 935 2027 principis
949 1947 1107 2010 saeoularis

134 2082 137 2088 ·
178 2055 288 2099 causas
304 2037 398 2098 etiam
411 2038 558 2118 profanas
572 2039 654 2100 inter
667 2039 763 2106 laicos
774 2039 928 2120 judicare,
941 2044 972 2102 et
985 2041 1017 2102 in
1033 2060 1106 2104 casu

178 2129 404 2210 negligentium
424 2131 665 2211 magistratuum
677 2131 830 2210 civilium,
848 2151 920 2195 cum
930 2132 1106 2214 jurisdictio

177 2223 272 2284 etiem
293 2223 377 2286 circa
391 2224 555 2288 saecularia
575 2225 716 2288 absolute
734 2230 849 2306 negata
863 2246 927 2290 non
945 2227 985 2290 sit
1008 2226 1107 2288 ecclo-

175 2314 308 2378 siasticis
331 2319 493 2400 personis,
520 2319 613 2382 sicuti
636 2319 724 2381 laicis
738 2324 853 2401 negata
868 2325 915 2382 est
931 2319 1105 2402 jurisdictio
1197 2370 1202 2381 ,

177 2407 380 2471 eircacausas
393 2411 580 2489 spirituales,
593 2416 624 2473 et
634 2430 785 2491 personas
800 2413 1034 2488 ecclesiasticas,
1043 2413 1102 2472 eto.

216 2500 281 2559 VII.
296 2501 345 2558 An
359 2503 472 2578 aliquis
484 2505 583 2578 possit
597 2523 665 2564 esse
673 2505 855 2582 judex,sive
864 2503 1102 2580 ecclesiasticus,

177 2587 242 2648 sive
256 2589 424 2665 saecularis,
443 2593 473 2650 et
483 2591 626 2670 judicare
640 2593 673 2651 in
686 2611 781 2653 causa
795 2595 943 2672 propria?
957 2595 1104 2666 Quamvis

177 2682 218 2741 ob
232 2680 460 2758 plenitudinem
474 2683 655 2760 potestatis,
673 2687 704 2744 et
719 2684 995 2763 presumptionem
1008 2684 1105 2764 aequi-

175 2773 248 2836 tatis
263 2773 401 2853 supremi
416 2775 572 2853 principes
587 2773 619 2834 in
636 2776 738 2837 causis
761 2777 911 2856 propriis,
933 2796 1003 2859 quae
1021 2778 1105 2856 ipsos

176 2865 258 2926 inter
272 2869 304 2926 et
315 2884 425 2927 eorum
439 2867 579 2928 subditos
593 2874 776 2947 moventur,
797 2871 847 2931 vel
861 2871 899 2932 de
915 2870 1036 2951 injuriis
1046 2871 1104 2932 sibi

177 2957 270 3019 illotis
282 2957 405 3040 judices
426 2978 494 3021 esse
507 2960 642 3038 possint,
659 2963 829 3025 consultius
843 2967 950 3026 tomen
962 2968 994 3026 et
1008 2963 1105 3044 aequi*

177 3050 232 3111 tati
253 3052 387 3114 naturali
410 3053 600 3115 conformius
623 3055 790 3118 oonst‘tuet
815 3057 960 3136 princeps
981 3057 1051 3119 talis
1071 3057 1104 3116 in

175 3139 291 3204 talibus
302 3145 405 3208 oensis
416 3147 561 3224 arbitros,
576 3151 630 3208 out
636 3147 760 3228 judiees
770 3149 976 3230 elios,quijns
987 3150 1102 3225 dicant,

175 3233 261 3312 quod
274 3236 370 3299 etiam
383 3238 477 3300 hodie
492 3240 608 3319 passim
622 3240 822 3320 practicetur.

213 3327 348 3390 Inferior
371 3333 476 3393 wmen
496 3351 642 3413 supremo
664 3333 805 3414 principe
825 3334 922 3416 judex
943 3353 1105 3414 nunquam

173 3419 348 3499 inproprie
367 3425 574 3504 cousajudex
604 3446 672 3488 esse
688 3430 804 3505 potest,
830 3431 885 3490 aut
904 3426 957 3506 jus
977 3426 1035 3488 sihi
1060 3427 1107 3488 dis
