2584 4022
562 286 601 332 un
621 287 758 336 ruurcns.
1082 271 1122 334 n

191 433 272 512 stylo
281 429 382 492 curiae
393 429 624 506 conceduntur;
641 431 711 493 alise
724 427 989 507 conventionales,
1002 445 1072 512 quae
1084 447 1123 491 ex

192 523 329 604 partium
337 523 554 601 conventione,
565 543 621 586 seu
631 542 784 587 consensu
793 525 925 597 dautur;
937 522 1006 584 alise
1014 522 1120 586 stricto

191 617 282 678 dictae
291 615 468 696 judiciales,
484 635 554 696 quae
574 636 594 678 a
602 617 721 698 judice,
737 635 794 697 pro
808 614 957 680 tribunali
968 615 1117 693 sedente,

191 727 285 772 eausa
300 707 436 786 cognita,
455 712 486 770 et
504 712 637 789 utraque
652 712 742 789 parte
761 711 936 789 praesente,
956 707 1120 788 injudicio

191 801 322 878 dautur,
348 801 506 880 longiores
537 805 568 864 et
589 802 749 864 breviores
769 805 836 881 ''pro
859 800 1039 863 diversitate
1061 799 1121 860 eir-

190 893 458 971 cumstantiarum,
479 896 573 973 prout
593 895 689 956 etiam
705 894 821 976 judicis
837 896 894 971 est,
908 893 1026 974 legales
1041 909 1120 954 non-

189 1005 352 1067 uunquam
369 987 577 1066 restringere,
598 988 648 1049 vel
675 1005 857 1066 prorogare.
879 987 918 1048 nt
942 986 1031 1048 sicut’
1055 988 1121 1048 tres

190 1085 262 1140 suut
279 1079 394 1159 judicis
417 1082 523 1158 partes
540 1099 547 1140 :
568 1079 671 1159 prima
692 1080 872 1142 scitatione
888 1079 1043 1159 usquead
1058 1077 1121 1140 litis

190 1171 448 1234 contestationem
461 1171 624 1251 inclusive,
636 1173 804 1234 secundae
822 1172 884 1234 litis
895 1171 1120 1234 contestatione

189 1281 289 1344 usque
307 1263 348 1325 ad
369 1265 556 1326 sententiam
577 1264 774 1327 definitivam
792 1265 969 1342 exclusive,
986 1263 1081 1326 tertia
1102 1282 1123 1325 a

189 1357 343 1418 sententia
357 1376 456 1436 usque
471 1357 512 1417 ad
527 1356 594 1436 ejus
611 1357 828 1419 executionem
841 1356 1005 1433 inclusive,
1019 1356 1064 1419 ita
1076 1354 1121 1417 di·

188 1450 342 1512 lationum
353 1449 449 1510 etiam
457 1448 655 1530 judicialium
666 1452 730 1511 tres
745 1453 818 1512 sunt
828 1449 958 1528 species.

228 1544 264 1603 ΙΙ.
281 1545 326 1602 De
339 1541 538 1604 dilationibus
551 1560 621 1621 quse
633 1549 701 1603 onte
712 1542 775 1604 titis
790 1541 1026 1605 contestationem
1045 1557 1122 1602 con·

188 1635 352 1697 ceduntur.
375 1637 455 1696 Sunt
467 1635 572 1713 plures
588 1635 667 1696 tales
687 1635 863 1715 dilationes,
876 1635 977 1717 primo
994 1634 1122 1715 quidem

188 1726 350 1804 citatorias,
369 1745 439 1807 quse
459 1727 554 1789 etiam
569 1731 722 1790 vocantur
734 1726 985 1809 exspectatoris,
1002 1729 1034 1788 et
1045 1726 1121 1786 dan-

186 1826 239 1881 tur
258 1837 314 1880 reo
329 1819 443 1896 citato,
466 1819 587 1882 absenti
603 1821 644 1881 ad
658 1822 922 1902 comparendum,
945 1822 976 1882 et
989 1835 1121 1898 respon-

189 1912 329 1972 dendum
342 1911 375 1972 iu
384 1911 504 1993 judicio
519 1912 662 1992 petitioni
674 1915 799 1992 actoris,
818 1933 887 1995 quac
899 1913 1026 1995 quidem
1040 1911 1120 1973 dila·

187 2005 288 2067 tiones
307 2023 365 2066 sua
378 2007 492 2066 natura
513 2007 732 2086 peremptoria
752 2025 816 2068 non
832 2013 920 2081 sunt;
945 2007 1001 2068 sed
1016 2007 1120 2085 potest

188 2115 252 2157 una
264 2115 423 2175 concessa,
437 2098 536 2160 altera
550 2116 587 2160 ao
600 2099 696 2162 etiam
702 2095 798 2162 tertia
811 2099 952 2178 concedi,
967 2117 1037 2180 quae
1051 2101 1119 2161 tan·

188 2188 261 2250 dem
278 2190 491 2269 peremptoria
513 2193 574 2265 est;
601 2185 627 2252 si
645 2195 752 2254 tamen
769 2192 849 2254 ratic
868 2193 974 2272 aliqua
993 2191 1116 2270 exigat,

187 2285 290 2361 potest
300 2282 402 2362 prima
412 2283 520 2344 statim
532 2300 604 2344 cum
615 2283 748 2344 termino
761 2285 973 2362 peremptorio
982 2283 1061 2358 fieri,
1075 2281 1120 2342 ita

187 2377 294 2437 tamen
317 2377 518 2438 commodum
538 2378 662 2453 tempus
684 2376 725 2436 ad
746 2374 992 2453 comparendum
1015 2372 1119 2433 deter-

187 2468 347 2546 minando,
360 2472 396 2530 ut
407 2469 508 2531 tribus
522 2467 722 2549 citationibus
736 2467 931 2550 aequivaleat,
945 2465 996 2536 uel
1007 2465 1118 2529 saltem

187 2579 259 2639 pars
275 2561 380 2639 citata,
398 2561 581 2624 abbreviato
597 2561 663 2623 sinc
679 2580 773 2624 causa
784 2561 870 2644 justa
883 2559 1036 2638 termino,
1053 2578 1117 2621 uon

187 2653 319 2714 nimium
337 2658 500 2733 gravetur,
516 2673 578 2735 quo
596 2655 628 2716 iu
642 2675 717 2718 casu
732 2656 891 2737 appellare
906 2655 1000 2718 etiem
1012 2655 1118 2734 posset

188 2745 346 2827 (adquam
359 2747 587 2809 excludendam
597 2750 774 2812 consultum
784 2754 840 2827 est,
855 2752 890 2810 ut
899 2749 924 2809 si
936 2746 1118 2809 dilationem

187 2839 350 2901 abbreviet
370 2839 479 2920 judex,
497 2859 625 2902 causam
638 2842 719 2904 illius
732 2843 900 2922 exprimat,
920 2843 952 2902 et
972 2857 1118 2919 peremp-

185 2932 276 2994 toriae
289 2932 428 2994 citationi
444 2933 584 3014 inserat),
600 2939 653 2995 aut
663 2935 715 3014 jus
731 2935 859 2996 domum
873 2931 1043 2994 revocandi
1060 2929 1117 2989 ha-

185 3023 276 3087 beret
290 3026 323 3084 in
339 3043 434 3087 causa
448 3026 582 3106 privata,
604 3029 636 3087 et
649 3043 747 3087 novas
760 3027 924 3088 dilationes
938 3021 1076 3100 petendi,
1090 3019 1117 3081 si

186 3135 224 3178 ex
237 3118 305 3181 loco
320 3122 441 3181 remoto
457 3119 490 3202 in
505 3118 631 3199 publica
649 3136 743 3178 causa
761 3119 856 3182 etiam
868 3117 979 3177 citatus
994 3114 1113 3176 fuisset.

224 3212 382 3289 Secundo,
403 3215 477 3274 suut
496 3212 564 3273 alioe
589 3210 817 3273 deliberatoriae
839 3207 1023 3287 dilationes,
1045 3227 1115 3290 quae

185 3304 299 3366 dantur
312 3323 366 3366 reo
375 3307 446 3386 post
460 3305 599 3366 oblatum
612 3303 762 3382 libellum,
775 3306 810 3365 ut
819 3303 993 3366 deliberare
1003 3303 1113 3384 possit,

185 3400 290 3460 utrum
300 3398 423 3478 litigare
435 3398 527 3472 velit3
545 3401 578 3460 et
591 3398 777 3478 plerumque
788 3401 861 3460 suut
871 3396 981 3478 viginti
992 3398 1116 3460 dierum

184 3490 414 3555 deliberatoriae
436 3491 487 3554 he
505 3491 639 3556 induciae
659 3489 742 3554 odie
762 3491 896 3572 porrecti
913 3491 1020 3557 libelli.
1039 3492 1114 3562 Quae
