2578 4012
392 313 431 360 on
453 315 643 362 areolarum
664 314 857 363 clucescit.
1028 303 1087 366 258

159 456 327 533 canonico,
344 457 398 536 qui
413 475 451 520 eo
466 473 542 520 casu
556 459 653 520 servit
666 457 813 537 episcopo
825 457 858 518 In
877 455 979 520 efficto
999 475 1088 538 pres-

157 549 260 628 byteri
276 549 458 611 assistentis.
476 549 567 629 (Gaer.
585 548 695 628 episc.)

197 644 229 702 30
239 641 407 704 Parcchisi
415 660 513 720 perse
521 640 1085 721 velintmanuspraedIcationisobire,

156 751 220 795 non
244 733 360 795 debent
376 733 532 813 impediri.
551 733 596 814 (S.
621 736 718 812 (long.
745 750 847 810 cono,
867 733 952 814 apud
977 735 1088 814 Barb.)

159 827 222 888 Sed
236 826 374 906 parocho
387 845 445 906 per
458 845 492 886 se
509 827 613 904 ipsum
638 825 837 888 concIcnanti
863 827 992 888 mInime
1015 827 1088 889 licet

158 922 312 998 praetextn
336 918 487 1000 cujusque
502 919 696 999 paupertatis
717 918 911 996 praetendere
926 919 986 980 sibi
1006 937 1088 998 prae·

158 1011 234 1072 stari
246 1010 478 1090 eleemosynam
491 1011 615 1074 solltam
630 1011 697 1072 dari
712 1010 970 1090 predicatoribus
984 1015 1087 1072 extra·

159 1104 226 1164 neis
237 1103 520 1182 adpraedicandum
533 1103 663 1168 vocatis.
676 1103 722 1182 (S.
735 1105 833 1184 (long.
844 1121 932 1168 conc.
945 1106 1084 1166 I0mart.

41 1344 48 1356 ‚
197 1293 229 1350 40
249 1287 381 1350 parochi
396 1289 429 1349 in
448 1289 512 1350 suis
536 1275 675 1350 ecclesiis
695 1287 860 1352 admittere
884 1307 948 1352 non
971 1289 1088 1351 debent

28 1371 31 1376 ’
158 1381 447 1444 concionatoresab
461 1381 626 1444 Ordinatio
649 1399 712 1442 non
737 1382 937 1462 approbatos,
962 1381 1086 1444 etiamsi

156 1473 330 1554 praedicare
363 1474 457 1535 vellet
491 1475 603 1554 aliquis
629 1475 805 1554 episcopus.
838 1477 886 1536 lta
914 1472 1086 1538 declaravit

157 1567 254 1629 Glem.
280 1568 360 1628 VIII.
389 1568 521 1628 Possunt
539 1571 666 1644 tamen,
691 1565 782 1647 juxta
803 1567 909 1646 plures
923 1574 1083 1645 auctores,

157 1658 286 1739 parochi
300 1657 458 1720 licentiam
475 1660 550 1720 dare
563 1658 655 1721 alicui
669 1660 736 1722 viro
752 1660 844 1722 docto
859 1663 891 1722 ct
903 1664 978 1722 noto
994 1659 1086 1723 uthis

111 1799 115 1804 -
156 1752 207 1814 vel
220 1755 269 1814 ter
280 1751 483 1814 concionetnr
496 1752 528 1813 in
542 1752 606 1814 suis
621 1752 777 1830 ecclesiis,
791 1753 858 1814 sine
877 1752 1015 1832 episcopi
1031 1770 1087 1831 ap·

157 1843 342 1923 probatione
357 1865 364 1919 3
380 1845 435 1905 sed
454 1847 574 1906 attenta
588 1844 800 1906 declaratione
815 1845 984 1907 Clementis
998 1846 1085 1922 vlll,

158 1937 202 2024 ait
234 1935 366 2014 Giraldi,
391 1953 553 2018 nunquam
576 1936 651 1998 licet
675 1937 848 2018 predicare
871 1937 938 1998 siue
960 1937 1086 2002 licentia

135 2047 326 2109 ‚episcopa

198 2125 230 2182 5⁰
250 2122 382 2183 Parocbi
402 2122 434 2183 in
455 2122 657 2185 concionibus
678 2125 811 2184 caveant
834 2123 874 2184 ab
897 2121 1085 2202 allegatIone

158 2215 323 2278 doctorum
338 2219 370 2277 et
385 2220 550 2277 auctorum
572 2216 816 2292 modernorum,
841 2214 1015 2295 praesertim
1039 2215 1086 2276 vi-

157 2308 308 2370 rentium.
328 2307 373 2388 (S.
392 2310 489 2388 Gong.
510 2309 616 2370 Sancti
629 2310 699 2380 Oti.
723 2312 761 2369 27
781 2308 883 2369 octob.
905 2305 1008 2390 1849.)
1023 2307 1086 2370 Sed

157 2404 287 2486 utantur
311 2400 502 2463 catechismo
526 2419 676 2479 romano,
702 2400 918 2480 maximasque
939 2400 1030 2462 utiles
1055 2403 1088 2462 et

157 2493 337 2556 auditorum
351 2493 515 2572 capacitati
536 2492 719 2572 adaequatae
742 2492 926 2572 simpliciter
949 2499 980 2554 et
1003 2493 1086 2554 clarc

159 2586 334 2665 explicent,
358 2589 393 2648 ut
424 2586 558 2665 populns
584 2586 719 2649 libenter
745 2586 872 2663 audiat,
907 2587 1089 2666 frequenter

160 2682 326 2740 concurrat
341 2681 373 2739 et
382 2679 541 2740 fructuose
556 2679 706 2742 discedat.
719 2680 874 2760 (Clemens
888 2681 929 2742 XI
943 2679 976 2738 in
984 2678 1089 2740 littera

160 2789 250 2850 ancy.
265 2774 303 2833 16
317 2771 423 2833 martii
438 2770 541 2850 1703.)

199 2867 234 2926 6⁰
255 2862 388 2926 Par'ochi
407 2863 522 2942 singuli
542 2867 690 2926 tenentur
713 2865 897 2926 concionem
920 2864 1037 2924 habere
1056 2863 1088 2924 in

161 2957 225 3019 suis
243 2957 400 3034 ecclesiis,
417 2973 476 3016 nec
494 2961 683 3018 excusantur
697 2975 735 3018 ex
752 2956 977 3020 consuetudine
994 2956 1089 3017 etiam

161 3040 430 3130 immemoriabili,
447 3047 513 3110 sive
535 3048 618 3128 quod
633 3048 665 3109 iu
684 3049 754 3110 aliis
768 3048 905 3110 ecclesiis
926 3047 1090 3109 conciones

161 3141 348 3220 habeantur,
361 3143 426 3204 sive
433 3160 471 3202 ex
479 3140 667 3220 infrequenti
674 3141 864 3202 audItorum.
876 3143 923 3202 lta
931 3141 999 3201 Inn.
1007 3142 1087 3202 XIlI.

128 3281 131 3286 ι
164 3231 287 3298 Sufficit
312 3240 419 3296 tamen
448 3251 506 3313 pro
530 3233 679 3294 concione
706 3233 852 3295 allocutio
878 3233 931 3312 pia
961 3233 1091 3312 singulis

164 3325 262 3389 lestis.
282 3325 326 3406 (S.
341 3329 439 3406 Gorg.
454 3345 543 3388 conc.
558 3329 577 3388 8
592 3344 665 3406 aug.
682 3326 783 3404 1732.)

206 3419 243 3480 ll.
271 3418 433 3480 Celebrotio
446 3420 551 3482 missae.
575 3423 606 3481 I⁰
627 3418 786 3481 Perochus
798 3418 908 3479 diebus
922 3417 1007 3480 iestis
1021 3419 1093 3480 mis-

164 3529 234 3581 sam
248 3512 410 3575 celebrare
425 3512 518 3578 debet
529 3502 700 3598 inproprie
714 3511 846 3580 'ecelesia
856 3515 887 3578 et
900 3530 962 3578 oon
973 3512 1005 3575 in
1017 3512 1090 3592 alia,

235 3633 302 3682 rou.
321 3635 362 3682 ιιι.
976 3621 1008 3680 lt
