2584 4022
471 375 476 394 κ
533 322 572 367 no
594 309 736 369 runicus
1058 313 1096 374 39

205 471 327 546 Mutare
347 465 487 528 libellum
510 472 598 528 actor
615 465 699 526 licite
719 469 821 544 potest
847 473 919 529 ante
943 468 1005 530 litis
1022 488 1098 532 eon·

166 561 385 636 testationem,
412 561 479 619 tam
500 559 532 618 in
553 559 713 636 civilibus,
743 579 837 638 quam
864 561 1094 641 criminalibus,

167 673 238 720 cum
251 652 407 735 judicium
421 651 563 712 nondum
578 651 705 731 proprie
720 655 859 731 caeptum
877 653 931 730 sit,
948 657 980 716 et
995 656 1098 733 poeni-

166 748 358 819 terelieeat,
379 745 473 806 modo
490 762 545 805 reo
568 762 658 806 ncvae
685 745 849 807 dilationes
871 747 1094 827 concedantur,

168 846 199 905 et
212 842 251 902 de
268 841 397 914 damno,
413 837 439 898 si
465 837 550 917 quod
569 857 680 918 passus
696 842 742 900 est
761 839 882 900 ratione
897 841 1095 919 mutationis,

166 935 237 998 talis
251 932 402 994 reddatur
415 948 543 992 securus
560 949 566 991 :
583 934 655 1010 post
674 930 761 994 litem
775 949 850 994 vero
866 937 1095 1012 contestatam,

166 1030 288 1089 mutare
299 1042 361 1087 non
374 1026 477 1102 potest
489 1023 631 1086 libellum
645 1027 744 1102 actor,
766 1024 825 1086 nisi
849 1025 996 1089 inchoata
1015 1045 1098 1089 nova

166 1119 315 1182 instantia
327 1135 446 1180 novum
460 1115 601 1176 libellum
620 1118 732 1178 offerre
756 1117 832 1180 velit
850 1138 923 1180 eum
940 1120 1097 1183 refusione

167 1229 385 1293 expensarum.
398 1208 516 1289 Siquid
527 1212 633 1270 tamen
644 1210 808 1272 obscurius
820 1209 966 1275 inlibello
980 1214 1098 1277 dictum

26 1295 28 1298 ⁵
65 1353 68 1358 .
167 1306 326 1369 declarare
338 1302 687 1380 velitconecssumhoc
701 1303 745 1364 illi
759 1307 884 1366 cattam
899 1308 988 1383 ante,
1002 1323 1098 1386 quam

167 1405 237 1480 post
254 1398 317 1460 litis
343 1395 623 1472 contestationem,
651 1415 752 1476 usque
787 1397 828 1458 ad
862 1397 1097 1460 conclusionem

168 1509 287 1569 oausae,
309 1509 382 1552 eum
403 1507 459 1568 per
480 1489 576 1550 talem
598 1489 823 1552 accidentalem
845 1490 1097 1553 emendationem

168 1603 270 1648 causae
292 1585 406 1660 status,
424 1582 464 1643 ad
479 1599 574 1662 quem
587 1600 645 1663 per
657 1582 720 1645 litis
736 1583 995 1646 contestationem
1008 1583 1096 1664 quasi

168 1683 362 1742 conuectum
374 1677 432 1753 est,
448 1674 526 1736 nibil
540 1674 733 1739 immutetur.
950 1729 952 1734 .

205 1773 340 1834 Effectus
359 1772 465 1831 autem
488 1767 583 1830 libelli
604 1769 700 1831 oblati
720 1774 793 1849 est,
812 1771 896 1852 quod
920 1771 1096 1834 secundum

166 1864 349 1946 petitionem
364 1861 395 1922 in
409 1861 514 1923 libello
537 1861 654 1923 factam
668 1863 708 1925 sit
721 1863 851 1925 ferenda
869 1865 1040 1942 sententia,
1065 1867 1097 1926 et

168 1956 311 2040 quamvis
334 1955 359 2016 si
379 1953 457 2015 nihil
474 1954 598 2018 intersit
617 1955 663 2017 rei
693 1958 857 2036 conventi,
877 1961 912 2020 ut
935 1957 973 2019 lis
992 1961 1097 2038 coepte

166 2051 359 2137 perficiatur,
376 2067 395 2108 a
412 2048 467 2110 lite
478 2049 700 2129 prosequenda
720 2050 869 2113 desistere
883 2050 982 2132 possit
996 2053 1093 2129 actor,

167 2145 262 2208 etiam
275 2144 348 2221 post
367 2141 429 2204 litis
451 2143 726 2217 contestationem
747 2143 773 2204 si
788 2148 894 2207 temen
909 2144 1032 2206 intersit
1050 2145 1095 2206 rei

168 2235 325 2312 conventi,
339 2235 378 2296 ob
393 2253 556 2313 expensas,
572 2253 603 2296 v.
620 2255 665 2316 g.,
682 2235 792 2314 factas,
806 2241 841 2298 ut
852 2238 890 2298 lis
902 2236 1092 2316 perficiatur,

166 2329 260 2391 debet
275 2346 345 2389 eam
359 2327 506 2408 prosequi
521 2332 619 2406 actor,
635 2331 666 2389 et
677 2327 717 2388 ad
734 2327 829 2388 finem
844 2328 1037 2406 perducere,
1051 2329 1095 2390 ita
1174 2330 1176 2334 ’

165 2425 202 2484 ut
214 2421 247 2483 in
258 2420 487 2484 contumaciam
504 2421 600 2482 etiam
613 2420 815 2484 condemnari
833 2420 950 2500 pessit,
965 2421 991 2483 si
1007 2420 1094 2484 litem

166 2514 314 2599 prosequi
329 2515 415 2578 nolit
763 2535 765 2543 ¹
942 2511 943 2516 ’

520 2692 685 2744 laricanus
703 2693 739 2742 11.

446 2821 492 2886 De
512 2824 575 2886 litis
594 2805 809 2890 contestatione.
833 2814 835 2817 ⁵

205 2973 257 3038 lv.
284 2971 363 3048 Quid
378 2973 418 3034 sit
437 2973 498 3035 litis
511 2975 696 3052 contestatio,
713 2993 769 3036 seu
782 2975 815 3036 in
839 2992 901 3053 quo
923 2973 1091 3049 consistat,

142 3081 145 3088 ’
165 3069 199 3129 et
214 3085 275 3147 quo
290 3073 384 3147 pacto
398 3067 576 3146 inducatur,
593 3070 677 3128 etan
692 3067 732 3128 sit
746 3065 921 3128 necessaria
931 3065 972 3126 ad
982 3064 1093 3145 judieii

163 3161 396 3225 substantiam?
410 3161 486 3223 Litis
502 3159 697 3238 contestatio,
709 3177 778 3240 quae
788 3159 973 3239 plerumque
991 3159 1094 3240 requi-

137 3297 141 3304 ·
163 3253 245 3316 nitur
258 3255 300 3316 ad
314 3254 521 3318 substantiam
530 3252 643 3335 judicii
655 3251 824 3330 ordinarii,
839 3256 924 3314 reete
944 3253 1095 3316 describi·
1148 3316 1149 3319 ,
1202 3285 1203 3288 ¹

161 3355 226 3428 tur,
243 3349 329 3430 quod
342 3348 382 3410 sit
396 3347 637 3412 fundamentum
647 3346 757 3428 judicii
772 3345 909 3426 (proprie
932 3346 1019 3427 dieti)
1036 3365 1095 3426 per

161 3442 348 3524 petitionem
360 3441 498 3524 (actoris)
513 3441 546 3503 in
559 3440 632 3523 jure
645 3438 850 3522 propositam,
874 3443 905 3502 et
919 3459 1092 3522 congruam

162 3536 233 3622 (rei)
266 3536 503 3622 responsionem
534 3534 639 3599 anime
673 3532 817 3618 litigandi
849 3535 965 3598 iactam
1001 3533 1093 3619 juxta
