2586 4020
171 291 230 364 lto
376 299 608 350 rasurumorns
628 303 710 350 ionis
732 301 888 350 aaronica

171 395 297 510 ritorio,
323 449 359 494 ac
380 434 439 495 sub
462 433 573 495 eodem
593 433 746 514 regimine
768 431 933 509 habitant,
958 434 1105 512 praesori-
1181 430 1184 438 ’

171 528 289 590 buntur
299 544 370 590 oum
381 525 471 588 titulo
486 527 596 591 decem
611 528 716 600 annis3
734 526 988 602 interabsentes,
1003 524 1055 606 qui
1070 527 1103 586 in

160 619 304 682 'diversis
318 619 436 681 scilicet
453 619 635 697 territoriis,
657 623 711 682 aut
729 619 788 680 sub
803 618 928 680 diverso
949 619 1104 698 regimine

172 713 325 789 habitant,
339 712 449 790 viginti
462 711 569 786 annis3
587 713 654 773 sine
667 712 758 774 titulo
773 729 860 788 vero,
872 715 940 773 tam
954 711 1037 772 inter
1051 713 1105 773 ab·

172 808 275 867 sentes
298 822 394 885 quam
413 808 604 886 presentes,
629 803 893 884 trigintat,annis
913 804 938 864 si
963 805 1026 866 sint
1055 823 1105 864 res

171 897 378 978 privatorum.

213 990 531 1069 Siveropraescriptio
542 992 607 1068 fiat,
618 991 729 1053 absent
716 950 1105 1072 tepcrpartemtemporis

173 1082 406 1163 praescrihente,
417 1087 515 1163 etper
528 1037 622 1145 aliadr
637 1086 935 1163 partempraesante,
949 1083 1105 1144 servanda

174 1178 221 1237 est
241 1175 401 1255 proportio
423 1175 590 1254 absentiae,
621 1180 652 1238 et
674 1177 849 1258 praesentiae
875 1176 920 1240 ita
944 1179 1050 1237 tamen
1071 1181 1106 1236 ut
1160 1249 1164 1255 ι

174 1266 248 1329 anni
264 1267 413 1330 ahsentiae
429 1268 638 1424 duplicentur,
654 1268 750 1331 veluti
769 1271 796 1330 si
817 1268 886 1349 quis
897 1287 953 1349 per
969 1268 1105 1373 quinque

174 1377 273 1422 annos
287 1378 426 1439 praesens
441 1361 482 1424 sit
487 1408 495 1440 ,
515 1362 651 1443 quirem
670 1361 863 1424 immobilem
878 1361 1040 1441 usucapit,
1057 1379 1104 1420 re-

172 1450 409 1534 liquotempore
419 1470 493 1516 vero
505 1455 544 1516 sit
561 1455 685 1532 absens,
701 1453 879 1533 quindecim
891 1454 1015 1528 anniad
1026 1471 1104 1532 prae-

175 1545 374 1608 scribendam
387 1535 483 1608 talem
494 1565 563 1607 rem
573 1548 783 1627 requirantur.

215 1637 264 1698 Ad
275 1639 507 1716 prascribenda
521 1639 606 1701 bona
616 1639 745 1702 mobilia
760 1645 792 1701 et
805 1643 915 1702 contra
932 1639 1104 1702 Ecclesiam

175 1747 350 1808 romanam,
361 1731 475 1792 sufficit
491 1731 677 1809 triennium,
695 1751 766 1793 cum
782 1732 864 1793 circa
877 1733 944 1794 haec
956 1731 1105 1811 specialia

176 1822 314 1885 ecclesiis
338 1841 488 1886 concessa
508 1824 671 1906 privilegia
688 1844 751 1886 non
770 1825 934 1905 legentum
965 1825 1006 1884 ad
1026 1843 1106 1906 prae-

175 1915 375 1978 scribendum
390 1923 496 1980 autem
514 1917 598 1980 bona
620 1919 794 1981 immobilia
813 1921 844 1980 et
863 1918 938 2000 jura
959 1917 1105 1978 ecclcsia-

175 2027 256 2086 rum,
281 2011 554 2088 monasteriorum,
579 2011 791 2090 hospitalium,
808 2017 862 2072 aut
877 2009 1104 2072 oliorumloco-

175 2119 246 2163 rum
259 2101 394 2182 piorum,
412 2106 484 2181 eto,
497 2104 649 2184 quidquid
664 2104 704 2165 sit
718 2104 756 2165 de
768 2103 839 2183 jure
852 2103 992 2183 antiquo,
1009 2102 1102 2163 hodie

174 2192 378 2276 requiruntur
390 2201 429 2260 40
439 2197 512 2258 anui
527 2197 566 2258 de
575 2197 646 2279 jure
657 2188 826 2259 ordinario.

215 2289 376 2369 Excipitur
397 2294 504 2353 tamen
526 2291 565 2352 ab
585 2290 645 2350 hoc
660 2288 732 2369 jure
752 2287 908 2350 communi
930 2289 1102 2368 quadrage-

175 2381 271 2444 nariae
286 2389 395 2445 contra
405 2382 576 2446 Ecclesiam
589 2382 832 2462 praescriptionis
844 2399 935 2442 casus
946 2380 1101 2459 specialis

176 2491 238 2552 quo
250 2475 324 2554 jura
344 2474 477 2555 alicujus
491 2474 630 2536 ecclcsiae
651 2475 691 2535 ab
706 2473 861 2534 haereticis
877 2473 928 2532 vel
953 2473 1105 2552 schisma·

174 2562 244 2624 ticis
262 2569 467 2642 recuperatae,
484 2569 515 2626 et
527 2566 568 2632 ad
581 2565 677 2625 fidem
690 2565 878 2626 catholicam
890 2583 1049 2626 conversae
1064 2566 1103 2625 ab

175 2653 333 2734 episcopo,
347 2673 377 2717 v.
394 2675 440 2736 g.,
458 2659 657 2718 convertente
672 2657 754 2718 intra
771 2658 941 2718 triennium
962 2657 1104 2738 praescri-

88 2809 92 2814 ,
174 2747 309 2823 huntur,
326 2747 366 2810 oh
388 2748 528 2809 favorem
550 2748 669 2809 scilicet
687 2749 776 2826 fidei,
800 2753 831 2811 et
853 2750 893 2809 ad
907 2749 1104 2810 excitandam

175 2839 394 2919 episcoporum
408 2839 613 2918 diligentiam,
628 2841 653 2900 si
668 2841 700 2902 in
715 2841 863 2920 culpabili
876 2859 966 2902 mora
976 2859 1104 2902 conver-

174 2932 278 2994 tendae
289 2931 360 2994 talis
375 2931 474 3010 plebis
489 2932 634 3012 proprius
649 2933 814 3013 episcopus
828 2932 931 2994 fuerit.

215 3026 264 3086 Ad
278 3023 510 3104 prescribenda
524 3025 608 3087 bona
622 3025 795 3088 immobilia
810 3029 840 3087 et
848 3025 922 3107 jura
942 3025 983 3085 ad
997 3025 1104 3086 Eccle-

175 3117 254 3178 siam
276 3134 439 3179 romanam
453 3119 641 3198 pertinentia
654 3119 825 3200 requiritur
839 3121 962 3197 tempus
977 3120 1102 3178 centum

176 3227 340 3288 annorum,
358 3210 442 3290 quod
454 3211 651 3292 privilegium
665 3211 849 3272 centenariae
861 3210 1101 3291 praescriptionis

154 3302 271 3364 etiam
292 3302 361 3364 aliis
384 3303 550 3382 indirecte,
572 3307 603 3365 et
622 3306 652 3364 in
678 3305 932 3384 consequentiam
953 3303 1101 3384 prodesse

175 3400 288 3476 potest,
315 3399 469 3477 quatenus
483 3398 536 3479 jus
552 3396 670 3458 habent
688 3397 728 3457 ab
749 3395 888 3459 Ecclesia
910 3413 1054 3473 romana,
1071 3401 1103 3456 et

153 3491 156 3496 '
176 3487 249 3552 huie
259 3487 513 3570 praejudicantur.
