2584 4022
171 248 210 312 ss
371 253 601 304 mstlnttnlottns
620 253 704 304 tants
726 254 879 322 oenomai.

172 408 279 472 tamen
289 398 517 465 deliberatoriae
532 397 696 461 dilationes
707 399 896 480 quandoque
909 401 1018 482 negari
1030 417 1098 480 pos·

173 502 255 574 sunt,
264 494 289 556 si
297 511 354 574 per
362 493 480 554 litteras
490 491 659 568 citatorias
671 493 784 573 quibus
793 491 976 572 totapetitio
986 493 1099 556 actoris

173 591 291 655 inserta
304 587 371 664 fuit,
386 585 577 648 sufficienter
591 585 702 646 instrui
713 585 810 666 possit
823 605 907 648 reus.

213 682 329 758 Tertio,
338 681 410 742 sunt
419 677 487 739 aliae
499 679 711 754 recusatoriaa,
723 697 779 740 seu
795 678 1017 757 declinatorias,
1030 699 1100 761 quae

174 776 215 840 ad
230 791 338 837 omnes
360 771 556 851 exceptiones
571 770 732 833 dilatorias
749 773 953 851 opponendas
969 773 1097 850 dantur,

173 869 357 948 priusquam
370 866 426 928 fiat
436 863 498 925 litis
510 864 705 942 contestatio,
720 864 829 943 quales
844 865 1008 927 dilationes
1016 869 1099 942 sunt,

175 955 552 1044 qnaerecnsautjudicem,
561 975 630 1036 quae
639 957 825 1037 rescriptum
834 957 1030 1038 impugnant,
1039 961 1098 1020 etc.
1166 949 1169 958 ’

197 1077 199 1082 ·
213 1055 265 1115 ΙΙΙ.
289 1055 333 1114 De
346 1049 546 1111 dilationibus
561 1067 632 1129 qum
641 1056 711 1130 post
724 1049 786 1109 litis
796 1051 1039 1127 contestationem,
1052 1051 1101 1112 vel

76 1173 77 1176 ¹
173 1152 241 1210 ante
251 1143 422 1206 sententiam
436 1140 628 1224 definitivam,
644 1143 695 1204 vel
701 1149 770 1222 post
780 1143 861 1203 illam
874 1144 1099 1228 conceduntur,

176 1239 255 1302 etde
265 1235 499 1317 prorogatione,
512 1237 606 1314 atque
621 1235 781 1298 effectibus
796 1235 988 1298 dilationem.
1003 1239 1036 1296 In
1053 1255 1102 1296 se·

176 1330 279 1395 cunda
293 1328 404 1416 judicii
418 1333 508 1408 parte
523 1334 594 1410 post
606 1329 668 1391 litis
683 1328 958 1406 contestationem,
975 1331 1007 1391 et
1016 1327 1102 1408 jura-

175 1431 316 1486 mentum
329 1422 493 1484 ealumniae
503 1421 689 1501 praestitum,
702 1420 927 1499 conceduntur,
938 1421 1103 1484 dilationes

81 1563 85 1570 -
176 1516 365 1598 probatoria
379 1515 623 1596 etlallegatoriae.

216 1609 407 1670 Probatoriae
420 1611 503 1685 sunt,
517 1626 586 1687 quae
599 1606 713 1666 dantur
728 1606 826 1668 actori
836 1607 877 1667 ad
889 1607 1058 1686 positiones
1074 1611 1104 1670 et

178 1700 326 1764 andeolus
348 1699 546 1780 probatorius
562 1698 763 1776 formandos,
786 1700 836 1760 vel
851 1718 904 1761 reo
924 1699 964 1760 ad
978 1718 1105 1780 respon-

178 1795 317 1856 dendum
331 1793 372 1855 ad
385 1812 454 1866 eos;
472 1792 548 1854 item
562 1793 603 1854 ad
617 1795 712 1854 testes
725 1792 776 1854 vel
792 1793 999 1854 instrumenta
1020 1811 1107 1874 quae-

177 1887 287 1964 rende,
300 1889 355 1949 aut
366 1885 586 1966 praeparanda,
601 1876 744 1964 adeoque
754 1885 795 1946 ad
810 1885 1006 1966 probandam
1017 1904 1105 1947 snam

178 1979 383 2040 intentionem
400 1982 431 2039 et
446 1977 675 2056 exceptioncm;
690 1979 721 2038 et
734 1977 876 2056 quamvis
890 1977 1037 2038 incensis
1051 1997 1106 2056 pe-

118 2125 125 2138 ,
180 2070 329 2133 suniariis
349 2073 404 2132 aut
419 2070 561 2142 civilibus
574 2069 761 2149 regulariter
776 2069 870 2130 unica
880 2073 1003 2131 tantum
1015 2071 1107 2131 detur

179 2162 252 2244 (nisi
266 2163 306 2224 ob
317 2153 437 2243 justum
459 2162 717 2242 impedimentum
730 2180 749 2223 a
763 2164 850 2242 parte
869 2161 1011 2242 litigante
1032 2163 1107 2226 alle-
1210 2213 1213 2218 .

179 2260 289 2338 gotum
319 2259 349 2319 et
372 2257 555 2336 probatum,
578 2256 724 2334 tertiam,
750 2256 800 2317 vel
829 2255 922 2318 etiam
940 2260 1104 2336 quartam:

179 2368 342 2431 nunquam
355 2353 473 2428 tamen,
481 2349 623 2431 quintam
633 2349 731 2430 judex
745 2349 906 2430 indulgeat
915 2369 986 2411 cnm
998 2351 1107 2411 solem·

181 2441 277 2505 nitate
292 2443 405 2522 legali,
428 2444 492 2504 sive
507 2448 578 2522 post
596 2444 762 2522 probatam
776 2443 903 2521 petendi
918 2461 1060 2520 eausam,
1078 2447 1109 2504 et

180 2533 354 2612 praestitum
366 2538 481 2610 aparte
491 2537 615 2610 petente
622 2531 848 2612 juramentum,
859 2534 941 2613 quod
954 2533 1107 2594 malitiose

182 2642 243 2684 non
257 2626 344 2700 petat
353 2623 534 2683 dilationem
547 2624 666 2703 talem),
681 2624 713 2682 in
728 2625 830 2684 causis
844 2629 950 2686 tamen
963 2625 1108 2686 erimina-

180 2715 272 2792 libus,
282 2714 336 2776 ubl
346 2713 448 2796 majus
458 2715 591 2777 vertitur
600 2715 829 2795 praejudicium,
838 2717 1012 2778 accusatori
1023 2717 1105 2795 duae,

181 2825 234 2869 reo
251 2811 356 2868 autem
374 2810 437 2869 tres
452 2807 530 2869 tales
550 2807 715 2868 dilationes
736 2828 773 2869 ex
792 2827 978 2889 quacunque
994 2829 1103 2889 causa,

182 2901 276 2962 etiam
299 2900 383 2962 nullo
409 2900 541 2980 allegato
566 2899 801 2980 impedimento,
824 2904 953 2979 concedi
977 2908 1108 2983 possunt

183 2993 288 3072 (modo
304 2993 385 3056 absit
395 2993 607 3073 praesumptio,
619 3012 681 3074 qua
692 2994 845 3058 malitiose
855 2996 933 3058 tales
944 2997 1107 3059 dilationes

182 3086 353 3167 petuntur),
365 3086 390 3148 si
401 3090 506 3148 tamen
516 3090 620 3169 partes
633 3089 710 3149 tales
723 3088 887 3151 dilationes
897 3093 1015 3169 petant.
1029 3091 1108 3152 Sunt

183 3179 288 3238 autem
304 3179 460 3240 ordinarie
474 3179 584 3258 trium,
603 3199 675 3257 sex,
692 3185 746 3244 ant
761 3200 875 3243 novem
889 3185 1044 3244 mensium
1058 3183 1107 3242 hae

182 3269 363 3349 dilationes,
381 3291 437 3351 pro
460 3273 765 3338 circumstantiarum
784 3275 964 3338 diversitate
979 3274 1106 3336 arbitrio
1218 3307 1222 3316 ·

178 3361 294 3444 judicis
324 3363 526 3443 delinienda,
554 3366 598 3427 ita
618 3369 724 3428 tamen
746 3372 785 3432 ut.
804 3368 884 3430 inter
911 3373 1049 3431 actorem
1078 3372 1109 3430 et

182 3471 271 3517 reum
286 3459 428 3544 servetur
438 3458 609 3539 aequalitas,
