2586 4020
530 273 568 318 on
588 271 726 330 runicus.
1065 257 1104 318 tt

175 415 270 498 hujus
285 433 352 478 esse
367 415 572 495 prohibeatur
585 435 592 489 3
607 415 692 495 quod
702 433 760 495 per
769 416 863 478 testes
873 413 999 494 probari
1007 414 1106 494 possit

176 510 327 573 butirum
339 509 417 570 illud
432 528 520 586 esse,
537 511 592 570 ant
612 508 729 571 factum
747 509 788 570 ad
808 507 1016 570 imitationem
1037 508 1104 572 veri

176 603 268 683 sigilli
283 602 388 683 3quod
403 601 443 664 sit
456 601 610 681 ignotum.

215 697 339 761 XXXII.
355 696 415 772 An,
429 702 458 756 et
471 694 614 774 quomedo
628 694 821 755 instrumenta
832 693 989 774 reprobari
994 694 1115 775 possint.

171 808 229 872 per
253 786 370 850 testes?
397 787 429 852 Si
453 791 548 850 testes
575 805 682 849 omnes
703 787 736 848 in
757 786 964 849 instrumento
984 787 1102 867 scripti,

177 886 232 945 eut
242 879 408 961 subscripti
420 880 635 942 contradicant
646 879 701 960 illi,
709 884 883 954 asserentes
901 881 950 942 vel
965 898 1102 943 nonesse

177 973 221 1037 ite
240 978 356 1051 ectum,
379 977 474 1052 prout
498 973 741 1035 instrumentum
761 974 882 1050 asserit,
903 974 954 1035 vel
980 992 1013 1034 se
1040 991 1103 1035 non

176 1067 376 1144 interfuisse,
404 1085 476 1128 cum
509 1067 750 1128 instrumentum
778 1065 995 1143 conficeretur,
1028 1071 1101 1144 etc,

177 1160 348 1239 reprobum
361 1164 392 1221 et
404 1160 518 1222 falsum
531 1160 675 1222 redditur
687 1159 940 1236 instrumentum,
961 1159 1020 1220 nisi
1041 1162 1105 1221 tes·

177 1258 225 1315 tes
237 1253 314 1314 tales
329 1253 565 1314 convincentur.
577 1255 656 1314 Cum
669 1253 754 1312 enirn
763 1270 821 1330 per
833 1251 962 1314 testium
973 1252 1105 1330 inscrip-

178 1349 282 1410 torum
304 1349 357 1407 aut
373 1345 621 1424 subscriptorum
631 1345 727 1406 fidem
741 1344 983 1406 instrumentum
1001 1344 1105 1404 firme·

174 1441 236 1515 tur,
254 1441 482 1518 consequenter
495 1437 520 1500 si
540 1436 572 1498 hi
599 1440 715 1517 negent
733 1436 952 1516 subscripsisse
972 1455 1028 1514 se,
1051 1439 1105 1498 eut
1160 1466 1162 1470 ·

173 1532 268 1594 fuisse
281 1535 462 1611 presentes,
477 1531 553 1592 dum
565 1531 808 1594 instrumentum
817 1530 1035 1608 conficeretur,
1050 1532 1105 1590 aut

174 1628 353 1687 contrectas
367 1623 467 1702 fieret,
482 1624 567 1686 nulla
578 1624 657 1685 fides
671 1624 725 1686 tali
739 1624 947 1686 instrumento
959 1622 1105 1685 babendo

173 1721 240 1792 est;
257 1717 371 1780 sivero
387 1736 450 1780 non
469 1736 579 1780 omnes
601 1721 736 1798 negent,
753 1719 809 1780 aut
827 1717 1045 1780 contradicant
1058 1716 1104 1778 in·

173 1813 358 1888 strumento,
376 1811 432 1872 sed
452 1814 575 1873 tantum
591 1810 700 1890 aliqui,
716 1809 785 1872 aliis
795 1813 900 1873 tamen
914 1827 971 1889 pro
994 1808 1101 1871 valore

172 1901 371 1965 instrumenti
397 1903 561 1980 stantibus,
581 1903 740 1965 sufficiunt
762 1904 803 1965 ad
826 1902 968 1964 valorem
987 1902 1104 1964 instra·
1144 1955 1147 1958 .

173 1996 270 2057 menti
280 1996 507 2073 sustinendum,
530 1996 555 2057 si
576 1997 638 2058 duo
659 1995 744 2058 omni
763 1995 946 2076 exceptione
967 1994 1103 2077 majores

173 2107 231 2168 pro
242 2088 296 2151 illc
311 2093 404 2165 stent,
418 2089 561 2168 quamvis
576 2088 682 2168 plnres
692 2089 755 2152 sint
765 2089 924 2164 eontrarii3
939 2107 1011 2152 cum
1020 2087 1103 2150 enim

173 2200 323 2244 numerus
336 2181 495 2258 sufficiens
518 2185 550 2246 et
573 2181 731 2262 legitimus
756 2182 884 2247 testium
904 2200 962 2263 pro
986 2181 1104 2242 instru-

173 2279 280 2336 mento
293 2273 385 2351 adst,
394 2291 457 2336 non
469 2274 564 2337 debet
575 2275 737 2354 reprobari
745 2275 945 2353 perelicrum
954 2290 1103 2352 superve-

174 2384 344 2428 oenecrum
353 2367 480 2430 testium
491 2367 771 2430 contradicentium
788 2366 1027 2446 depositionem,
1043 2364 1102 2428 uisi

173 2457 307 2520 multum
317 2459 482 2522 excederet
491 2477 641 2522 numerus
654 2459 782 2522 testium
792 2459 1030 2540 reprobantium
1046 2477 1102 2522 nu·

173 2569 297 2614 merum
311 2551 445 2615 duorum
464 2552 705 2628 affirmantium
730 2554 865 2616 multum
885 2557 992 2615 temen
1017 2550 1102 2614 inre

173 2643 233 2708 bec
247 2648 448 2708 controversa
456 2645 573 2726 judicis
585 2645 714 2710 arbitrio
726 2646 940 2710 tribuendum.

214 2737 379 2800 Sufficiunt
388 2742 494 2801 tamen
504 2739 599 2802 etiam
613 2740 675 2802 duc
687 2743 784 2803 testes
800 2745 923 2804 tentum
937 2740 970 2802 in
989 2739 1102 2800 instru-

172 2833 278 2892 mento
293 2849 357 2892 non
380 2831 520 2911 inscripti
543 2850 645 2913 neque
666 2834 850 2912 subscripti,
869 2835 910 2896 ed
930 2830 1103 2911 reproban-

172 2922 247 2984 dum
259 2924 421 3003 publicum
435 2925 687 3003 instrumentum,
704 2927 848 3006 quamvis
861 2926 978 2986 directe
993 2927 1103 2984 contra

173 3019 320 3078 contenta
337 3016 370 3078 in
383 3017 591 3080 instrumento
607 3036 670 3079 non
683 3018 843 3097 deponant
857 3064 866 3094 ,
882 3017 977 3078 modo
992 3017 1102 3076 contra

171 3106 415 3172 instrumentum
426 3111 595 3190 deponent,
613 3110 807 3172 ostendendo
820 3109 902 3171 illius
920 3108 1100 3184 falsitatem,

172 3218 210 3264 eo
225 3201 310 3281 quod
325 3202 475 3281 notanus,
490 3222 521 3266 r.
536 3221 582 3283 g.,
600 3207 656 3264 aut
667 3221 740 3282 pers
754 3202 954 3280 contrahens,
972 3207 1026 3264 aut
1042 3204 1102 3262 tes·

171 3293 211 3356 tis
223 3293 391 3374 inscriptus
407 3341 415 3373 ,
433 3300 506 3374 etc,
524 3295 598 3358 alibi
620 3295 716 3357 luisse
733 3297 884 3376 probetur
905 3314 943 3357 eo
958 3299 1101 3374 tempore

172 3404 234 3468 quo
244 3388 422 3450 conlectum
434 3389 493 3450 fuit
508 3389 763 3454 instrumentum.
779 3389 818 3451 Et
830 3390 973 3469 quamvis
988 3387 1102 3454 notarii

172 3481 343 3546 auctoritas
357 3481 480 3546 duobus
492 3481 626 3550 testibus
637 3481 834 3562 equivaleat,
851 3482 983 3564 intelligi
995 3489 1102 3550 brnen
