2586 4020
547 295 584 340 33
605 294 742 344 torrens
1076 281 1130 344 151

198 437 416 520 appellationis
431 457 603 519 expressas.
618 439 736 520 (Neque
746 438 830 500 enim
840 457 859 500 a
869 439 935 500 solo
950 439 1133 520 gravamine

199 533 235 593 iit
246 531 315 592 haeo
328 525 515 612 appellatio,
533 532 589 594 sed
601 551 620 593 a
634 533 817 612 gravamine
829 536 959 613 propter
970 532 1134 595 11333333-

199 644 278 702 sam,
296 643 391 706 quam
414 627 576 706 appellans
591 645 697 689 eoram
710 625 816 707 judioe
831 626 1049 705 appellationis
1064 645 1134 705 pro·

199 737 317 800 ponere
337 719 375 780 de
391 737 473 781 novo
492 719 570 797 vult,
588 723 642 780 aut
656 739 694 780 ex
711 719 788 780 sotis
806 720 845 780 de
864 737 947 780 novo
960 719 1134 798 produeen-
1227 772 1229 777 .

199 810 247 874 dis
260 829 425 891 processus
446 812 539 892 primi
550 812 666 893 judicis
679 812 846 894 justificari
868 811 918 874 vel
940 811 1131 892 impugnari,

200 904 256 968 sed
281 908 403 989 tantum
427 905 545 967 exiliis
572 923 642 986 quae
669 923 777 967 eoram
802 905 869 984 1333
895 908 967 967 3313
981 906 1032 967 vel
1047 905 1135 966 exhi-

199 999 266 1062 hita
287 999 437 1078 fuerunt.)
462 1001 540 1061 Cum
556 1018 594 1060 ex
617 999 687 1060 aliis
714 999 790 1060 aetis
813 998 913 1059 videri
936 1017 999 1060 non
1023 997 1132 1078 possit,

199 1095 304 1155 utrum
313 1091 410 1173 judex
434 1110 529 1172 aquo
544 1092 659 1173 injuste
676 1091 871 1172 gravaverit,
899 1091 952 1172 qui
970 1091 1065 1154 etiam
1081 1093 1135 1154 do·

201 1205 271 1247 3333
283 1183 377 1247 dehet
389 1184 494 1248 taliter
505 1186 544 1246 ab
555 1185 802 1263 interlooutoria‚
820 1188 876 1246 aut
887 1186 1071 1265 gravamine
1081 1204 1134 1266 ap-

73 1334 76 1338 .
199 1279 330 1358 pellens,
346 1279 430 1359 quod
444 1278 619 1359 legitimam
634 1279 851 1359 exceptionem
867 1279 1060 1358 opposuerit,
1077 1297 1135 1341 au-

200 1373 283 1434 ditus
304 1375 409 1435 tamen
433 1392 496 1435 non
521 1372 625 1450 fuerit,
643 1375 674 1432 et
695 1372 766 1432 ideo
790 1371 1006 1451 appellaverit,
1028 1375 1063 1433 31
1080 1373 1136 1434 liat

200 1466 317 1528 33111331
329 1466 496 1544 appellatio
520 1485 583 1527 non
602 1465 818 1544 agravamine
831 1465 961 1544 praecise
976 1465 1093 1542 futuro,
1108 1464 1134 1526 31

199 1577 262 1621 333
283 1559 465 1621 admittatur
480 1559 632 1638 exceptio,
656 1557 712 1620 sed
729 1557 946 1639 agravamine
961 1560 1130 1638 praesente,

200 1653 231 1712 in
248 1670 321 1714 3333
336 1652 454 1713 33111331
466 1671 529 1712 333
545 1651 690 1713 admissae
706 1650 908 1731 exceptionis.

239 1748 304 1809 XV.
322 1744 367 1806 De
381 1745 491 1826 formo,
514 1763 563 1805 see
576 1743 660 1806 modo
674 1743 845 1826 appellandi
861 1745 1037 1806 assistentia
1060 1743 1135 1826 defi-

197 1838 301 1902 nitiva.
316 1838 406 1911 Quod
429 1837 502 1899 viva
522 1855 599 1900 vooe
614 1837 682 1899 fieri
706 1837 805 1917 possit
818 1837 889 1899 talis
909 1837 1091 1918 appellatio,
1108 1837 1133 1898 si

93 2005 97 2016 ‚
198 1931 303 1994 statim
313 1930 420 2012 judice
430 1931 534 1992 adhue
547 1949 604 2009 pro
616 1929 767 1990 tribunali
779 1930 907 1992 sedente
920 1930 986 2006 fiat,
999 1947 1134 2008 perver-

197 2026 273 2098 bum
287 2025 410 2104 3333113
425 2024 475 2085 vel
498 2023 700 2104 aequivalens,
724 2027 777 2084 aut
791 2023 910 2084 fantum
923 2023 1027 2103 ipsum
1040 2043 1047 2096 ;
1061 2026 1092 2085 et
1106 2024 1134 2086 si

197 2119 252 2181 fiat
270 2136 308 2178 ex
331 2117 511 2194 intervallo,
528 2116 613 2178 intra
631 2117 742 2176 deoem
754 2119 861 2179 tamen
881 2115 947 2177 dies
967 2115 1008 2177 ad
1028 2116 1134 2222 33331-

197 2211 327 2272 landum
349 2227 529 2288 concessos,
548 2209 638 2290 quod
653 2195 721 2270 fieri
737 2208 874 2271 debeat
866 2227 897 2268 rn
916 2209 1053 2287 seript,o
1074 2209 1132 2270 nisi

198 2322 299 2366 oausae
317 2307 440 2366 tantum
454 2302 580 2364 levioris
592 2301 743 2363 momenti
757 2301 1134 2382 essent3etquod1ntali

198 2396 321 2476 3333113
303 2397 406 2458 311333
429 2395 643 2458 neeessariam
661 2414 724 2457 non
743 2394 793 2472 sit,
811 2412 940 2456 oausam
954 2393 1133 2472 appellandi

197 2489 229 2549 in
242 2489 346 2568 333313
365 2489 513 2568 allegare,
531 2489 587 2549 sed
602 2487 758 2550 suffioiat
750 2508 782 2549 ιιι
800 2507 917 2568 genere
931 2486 1046 2564 dioere,
1063 2505 1134 2567 gra·

196 2585 344 2644 vatumse
353 2582 545 2658 esse,etideo
555 2583 852 2662 appellare,eto.‚ex
861 2581 950 2643 dietis
956 2580 1130 2661 jampatet3

197 2695 235 2737 ex
249 2675 364 2756 quibus
377 2675 472 2736 etiam
487 2675 631 2752 habetur,
650 2676 734 2755 quod
748 2675 780 2736 in
792 2674 961 2757 aliquibus,
978 2680 1009 2735 et
1021 2672 1054 2734 13
1065 2673 1132 2753 qui-

196 2768 255 2831 bus
270 2768 393 2830 oasihus
407 2786 502 2846 33333
516 2769 548 2828 13
565 2767 668 2846 333313
684 2768 815 2846 exprimi
832 2769 956 2844 debeat,
971 2771 1007 2828 ut
1026 2767 1133 2828 valida

196 2861 236 2924 sit
249 2861 434 2943 appellati03
452 2865 484 2922 et
503 2860 624 2923 etiamsi
639 2861 800 2940 appellans
815 2860 847 2920 in
863 2861 932 2920 aliis
945 2859 1040 2920 etiam
1053 2859 1133 2920 oasi-

195 2956 254 3018 bus
270 2973 397 3017 eausam
418 2955 555 3034 aliquam
578 2945 758 3032 appellandi
781 2953 946 3032 exprimat,
970 2951 1069 3030 possit
1087 2954 1132 3014 ta-

195 3067 269 3109 men
287 3049 319 3108 13
334 3044 400 3109 'hae
415 3066 434 3108 3
447 3046 610 3108 definitiva
624 3047 779 3108 sententia
799 3045 1011 3126 appellatione
1025 3063 1132 3106 eoram

97 3183 100 3186 -
192 3141 298 3224 judioe
322 3140 540 3220 appellationis
561 3139 639 3200 alias
665 3139 759 3200 etiarn
784 3157 894 3200 333333
916 3137 1076 3217 prosequi,
1101 3139 1132 3200 et

196 3253 259 3297 non
273 3234 408 3315 allegata
421 3235 568 3313 allegare,
577 3251 640 3294 333
650 3234 784 3312 probata
794 3232 939 3311 probare,
953 3235 1026 3309 eta,
1040 3231 1130 3292 dum·

196 3328 290 3390 modo
303 3327 364 3390 sint
374 3328 416 3389 ad
430 3345 532 3388 eausae
548 3325 740 3388 decisionem
754 3325 966 3387 inservientia.

236 3423 343 3502 Neque
366 3420 458 3482 enim
474 3420 635 3500 appellans
657 3439 677 3481 a
697 3419 851 3481 sententia
876 3417 1037 3479 definitiva
1056 3416 1129 3477 ideo

197 3534 322 3596 semper
333 3514 481 3596 appellat,
507 3514 582 3595 quia
602 3513 753 3602 injustum
768 3530 939 3600 gravamen
952 3509 1129 3573 illiillatum
