2586 4020
538 321 577 368 nr
597 320 736 370 sumnus
1042 309 1099 372 ise

167 463 344 548 scriptionis
367 481 430 527 non
453 463 494 528 sit
519 467 623 529 certus
649 464 819 544 terminus,
832 468 875 530 -et
894 483 958 531 non
983 467 1101 534 scietur

168 559 296 643 qnando
311 557 453 638 creperit.
854 623 855 628 ,

209 651 387 726 Quinetiam
414 650 560 712 different
578 650 661 713 inter
687 669 720 711 se
744 671 782 712 ex
804 652 899 714 modo
927 653 1097 732 probandi,

168 745 312 828 quamvis
325 744 408 805 enim
423 747 556 823 utraque
569 761 627 822 per
637 746 733 805 testes
741 744 868 822 probari
879 745 988 825 possit,
999 750 1101 826 potest

166 843 274 904 tamen
296 837 477 900 oentenaria
497 836 592 898 etiam
606 854 664 914 per
683 837 928 902 instrumentum
940 839 1101 920 publicum

166 931 306 1014 probari,
323 949 362 991 ex
376 948 437 1010 quo
452 930 492 990 de
509 929 706 1008 possessione
722 931 781 992 100
797 948 952 994 annornm
967 936 1098 1011 constat,

169 1028 201 1086 et
214 1022 451 1085 immemorielis
462 1021 807 1106 ntlegitimepertestes
815 1025 977 1103 probetur,
986 1025 1103 1088 debent

168 1117 202 1178 bi
216 1117 385 1197 deponere,
398 1114 484 1196 quod
498 1114 567 1177 haec
581 1116 625 1177 ita
639 1133 706 1176 esse
720 1133 739 1174 a
753 1116 818 1178 suis
829 1118 1003 1196 majoribus
1015 1117 1101 1180 vide·

168 1210 233 1270 rint
249 1214 281 1270 et
299 1207 491 1284 audiverint,
517 1225 620 1288 neque
641 1226 782 1287 unquam
805 1210 996 1272 contrarium
1016 1211 1102 1274 vide-

167 1302 232 1364 rint
244 1298 295 1363 vel
313 1300 505 1377 audiverint,
519 1301 648 1380 etquod
664 1301 838 1363 communis
854 1320 979 1382 semper
995 1303 1101 1382 opinio

170 1401 203 1457 et
216 1394 301 1455 fama
320 1392 446 1472 publice
460 1392 555 1454 fuerit
565 1411 633 1456 rem
647 1392 701 1471 ita,
718 1394 805 1460 etita
818 1413 851 1455 se
868 1395 1002 1470 bebere3
1020 1402 1103 1478 etex

168 1485 325 1569 probabili
336 1485 452 1547 debent
464 1485 497 1548 hi
510 1488 605 1548 testes
614 1490 653 1548 tt
672 1505 827 1549 annorum
840 1506 919 1567 esse,
935 1488 988 1570 qni
1004 1490 1044 1550 de
1062 1493 1103 1552 40

171 1579 261 1642 ennis
281 1581 450 1655 testantur,
467 1578 550 1640 intre
568 1579 629 1640 hoc
656 1583 781 1660 tempus
809 1599 971 1662 nunquam
987 1581 1102 1646 vidisse

170 1672 222 1736 vel
234 1671 390 1736 audivisse
406 1690 439 1732 se
452 1670 548 1754 eliud.

304 1817 315 1869 ς
331 1819 368 1860 lii.
378 1827 410 1860 D!
423 1826 556 1860 Nomium!
569 1827 750 1862 ninnium&
764 1829 971 1864 PRAERGRIH'IOW.

211 1939 249 2001 X.
275 1935 394 2011 Quando
405 1937 593 2018 prescriptio
606 1957 664 1999 ooo
675 1938 829 2021 procedat,
844 1959 893 2002 reu
905 1917 963 2002 ooo
978 1949 1101 2017 curru,

171 2029 224 2094 vel
238 2029 385 2109 dormiet,
400 2034 455 2092 ent
468 2030 908 2114 suspendaturii’raesoriptio
920 2033 1103 2096 diciturnon

172 2123 356 2204 procedere,
371 2122 436 2185 sive
451 2142 514 2186 non
529 2142 667 2201 currere,
683 2124 810 2204 qnando
825 2127 865 2188 ob
879 2127 1019 2207 aliquem
1032 2145 1104 2190 ceu·
1161 2143 1164 2148 ·

172 2235 241 2278 sem
255 2216 392 2296 incipere
413 2235 477 2281 non
496 2217 610 2296 potest,
626 2216 678 2278 vel
692 2218 767 2300 quie
781 2217 871 2281 deest
887 2220 1042 2299 possessio
1063 2219 1104 2282 ci·

172 2308 257 2386 vilis,
280 2309 347 2370 sine
367 2327 430 2389 qua
445 2309 532 2371 nulls
551 2310 644 2372 datur
665 2311 832 2389 usucapio;
857 2311 907 2372 vel
929 2310 1002 2391 quie
1020 2312 1104 2374 bone

172 2400 252 2465 fides
266 2407 321 2463 snt
332 2402 448 2467 ‘titulus
462 2402 581 2480 deficit,
596 2402 621 2464 si
638 2401 689 2464 bio
707 2402 747 2463 ad
768 2397 1037 2482 prescribendum
1057 2410 1105 2466 est

174 2495 383 2569 necessarius3
400 2495 450 2578 vel
465 2495 600 2575 denique
613 2513 650 2556 ex
665 2495 872 2576 incapacitate
889 2497 987 2577 ipsius
1001 2497 1046 2558 rei
1063 2496 1105 2558 ad

173 2586 442 2666 praescribendum
454 2587 515 2665 bic,
529 2589 823 2663 etnuncinhabilis3
841 2589 978 2652 dormire
990 2591 1105 2654 dicitur

174 2679 379 2760 prescriptio,
403 2681 704 2760 quandosinehoeta
722 2683 851 2764 quidem
877 2683 1018 2763 legitime
1036 2683 1104 2765 jam

174 2776 239 2850 est,
260 2776 390 2854 propter
402 2773 662 2854 impedimentum
683 2774 895 2840 interveniens
914 2776 954 2838 ad
977 2776 1105 2862 aliquod

172 2869 297 2944 tempus
311 2883 438 2928 currere
459 2885 522 2928 non
541 2870 666 2946 potest,
688 2868 743 2929 sed
757 2887 912 2949 suspensa
930 2873 1056 2947 manet,
1074 2872 1105 2932 et

73 3024 76 3033 ‚
174 2957 263 3038 qussi
283 2957 433 3040 quiescit,
456 2959 502 3021 ita
523 2962 630 3020 tamen
655 2963 708 3038 ut,
730 2964 873 3026 cessante
896 2961 949 3023 tali
974 2961 1103 3042 impedi-

173 3054 296 3128 mento,
319 3051 433 3114 iterum
452 3051 574 3128 currat,
596 3055 628 3114 et
651 3053 826 3115 continuari
845 3053 944 3134 possit
964 3053 1005 3114 sd
1024 3072 1105 3133 prae·

173 3143 374 3223 scriptionem
397 3144 616 3225 complendam
641 3148 776 3225 tempus,
803 3146 908 3228 quod,
934 3149 1104 3228 antequam

174 3236 326 3300 dormiret
336 3237 542 3318 prescriptio,
560 3239 715 3316 currebat,
732 3241 763 3302 et
775 3241 915 3320 tempus,
937 3240 1022 3320 quod
1034 3248 1105 3320 post

175 3329 315 3392 ablatum
329 3331 600 3411 impedimentum,
616 3331 723 3395 currit.

195 3425 364 3488 ,densetur
378 3431 485 3490 antem
503 3426 558 3491 tali
574 3424 669 3490 modo
684 3423 831 3504 dormire,
845 3425 946 3506 primo
961 3431 1103 3510 tempore

164 3515 364 3588 bostilitatis.
380 3517 446 3586 sive
472 3518 574 3584 belli..
590 3519 747 3599 Secundo,
769 3519 885 3604 dormit
909 3522 1103 3605 praescriptio
