2586 4020
187 249 244 310 186
393 263 726 314 1asr1ruuounstuu1s
747 265 902 312 casertan

183 425 240 468 suo
250 426 373 469 summa
387 409 523 488 potietur
537 411 702 488 potestate,
717 409 792 490 quin
807 409 848 470 ed
868 406 1007 470 theorias
1024 423 1112 468 men-

184 500 248 560 dati
272 506 463 564 recurratur.
494 503 660 564 Mundeuae
683 503 766 562 enim
789 500 1018 564 vicissitudines
1049 517 1121 564 nen.

184 592 302 655 faciunt
316 594 373 655 uisi
388 599 569 656 concretare
594 595 785 657 abstractam
793 598 919 674 ,nature
944 592 1114 654 institutio-

183 704 255 746 nem
274 687 418 765 ponendo
443 687 596 766 quasdem
610 687 765 767 legitimas
789 685 983 748 conditiones
998 683 1111 764 quibus

181 778 289 855 positis
305 777 424 840 naturae
440 779 594 842 ordinatio
610 800 702 844 suum
723 781 868 841 effectum
887 779 1107 857 consequetur,

182 873 214 930 ct
227 871 394 932 auotoritas
409 891 429 931 1
443 876 555 934 nature
569 874 710 936 instituta
720 873 752 933 in
767 874 913 933 concreto
926 873 1083 949 exsurget.

220 963 257 1023 ll.
283 962 343 1024 Sed
367 968 476 1026 contre
502 965 600 1026 civilis
625 965 794 1026 auotoritas
815 981 977 1042 nunquam
996 962 1110 1040 poterit

180 1055 381 1133 praescribere
393 1056 538 1136 quaedem
555 1053 628 1138 jura
643 1055 864 1133 ecclesiastica,
886 1056 937 1118 vel
953 1057 1024 1135 jure
1039 1073 1108 1134 pro-

180 1146 247 1225 prio
269 1147 328 1208 sihi
343 1147 502 1210 vindicare
517 1150 654 1228 aliquam
679 1150 899 1212 auctoritatem
912 1147 945 1208 iu
955 1146 1103 1209 Ecclesia.

179 1239 318 1300 Ecclesia
332 1240 417 1301 enim
443 1246 490 1303 cst
509 1243 654 1321 quaedam
674 1241 805 1303 societas
820 1241 999 1300 immediate
1024 1241 1055 1300 et
1074 1238 1106 1300 in

180 1337 325 1393 concreto
341 1351 359 1392 1
374 1335 437 1394 Deo
452 1334 605 1412 institute,
622 1342 656 1396 ut
668 1335 723 1411 sio,
736 1335 794 1394 suh
809 1332 1017 1395 determinata
1032 1350 1105 1412 qua-

178 1425 252 1485 dam
277 1426 378 1486 forma
400 1427 569 1506 regiminis,
594 1427 801 1490 determinato
816 1425 957 1506 subjecto
974 1424 1105 1486 auctori·

174 1517 257 1594 tatis,
270 1516 478 1581 determinata
492 1521 590 1582 classe
611 1539 817 1600 personarum
832 1537 902 1599 quae
916 1518 948 1579 iu
966 1517 1104 1578 Ecclesia

173 1627 328 1669 summam
343 1609 464 1689 imperii
483 1616 636 1690 tenerent,
657 1611 814 1674 indelebili
830 1611 1010 1672 charactere
1022 1609 1105 1670 ohsi-

174 1707 278 1779 31111
299 1706 331 1763 et
350 1702 514 1766 distinctae.
532 1704 621 1768 Unde
637 1723 674 1766 ea
689 1722 759 1785 quae
773 1705 806 1765 in
826 1705 909 1765 statu
930 1701 1012 1762 civili
1034 1704 1105 1763 sunt
1204 1726 1208 1731 ·

172 1793 354 1856 modolitetes
364 1799 396 1858 et
406 1798 558 1858 existendi
571 1797 656 1858 modi
667 1797 824 1860 societatis
839 1795 938 1858 civilis
952 1794 1103 1873 indepen-

173 1885 283 1949 denter
303 1907 322 1948 e
342 1897 450 1950 catere
464 1891 630 1967 societatis,
647 1889 729 1969 'suut
743 1890 775 1950 in
789 1888 928 1950 Ecclesia
941 1887 1099 1964 naturales,

171 1981 342 2056 essentiales,
356 1986 391 2044 ut
400 1983 425 2043 si
437 2002 506 2061 quae
517 2003 555 2043 ex
564 1984 649 2044 hisce
662 1983 821 2062 depereat,
838 1999 900 2042 non
915 1978 1101 2040 habebimus

173 2071 306 2150 amplius
319 2074 491 2135 Ecclesiam
504 2075 628 2136 Christi.

211 2166 296 2224 Affer
310 2167 498 2246 exemplum,
516 2169 543 2228 si
566 2169 622 2244 vic,
643 2167 807 2229 'societatis
822 2165 995 2246 conjugalis
1008 2167 1039 2226 et
1053 2165 1100 2224 fa-

171 2256 276 2336 miliae,
294 2277 364 2338 quae
379 2259 710 2322 hebetinstitutionem
726 2277 744 2319 1
759 2265 872 2320 nature
890 2259 922 2318 in
940 2259 1096 2319 concreto.

171 2349 246 2410 lude
259 2369 321 2412 nou
334 2356 438 2430 potest
452 2353 594 2414 accidere
605 2356 639 2414 ut
654 2352 794 2413 Ecclesia
806 2350 919 2412 evadat
928 2349 1099 2410 territoria-

169 2442 217 2517 lis,
245 2444 304 2503 sub
326 2444 457 2524 imperio
484 2445 705 2525 independenti
725 2444 885 2524 principis,
912 2460 970 2503 nec
996 2444 1099 2520 potest

169 2533 313 2611 prinecps
327 2553 466 2614 unquam
481 2537 685 2614 praescribere
697 2536 842 2617 quaedem
852 2535 925 2616 jura
937 2533 1096 2596 eeclesias-

168 2625 232 2684 tice
244 2627 395 2703 tanquam
411 2628 437 2688 si
451 2628 490 2687 de
502 2628 573 2708 jure
582 2647 642 2690 suo
667 2631 786 2709 ageret.
807 2627 942 2690 Proinde
964 2644 1026 2686 non
1039 2643 1097 2705 po-

168 2719 234 2779 test
243 2717 439 2780 cohonestari
454 2721 536 2782 actio
551 2721 699 2800 principis
709 2721 741 2783 in
757 2740 791 2782 re
815 2719 1023 2782 ecelesiastica
1036 2717 1094 2778 nisi

168 2809 368 2873 demandato
381 2813 527 2876 Ecclesiae
541 2815 589 2875 vel
606 2833 763 2895 expresso,
775 2814 825 2876 vel
836 2807 943 2890 t'scito,
956 2811 1006 2873 vel
1015 2827 1094 2891 prae·

167 2907 303 2984 sumpto.
690 2929 694 2934 ·

206 2998 351 3059 Hecsols
371 2999 493 3061 theoria
518 3000 660 3062 mandati
684 3003 815 3080 possunt
828 2998 975 3079 explicari
989 2999 1093 3077 partes

167 3109 244 3170 quaa
254 3090 314 3154 sibi
321 3099 521 3170 sumpserunt
535 3093 703 3174 aliquando
714 3093 874 3160 christiani
888 3092 1093 3172 imperotores

166 3183 206 3242 de
217 3183 341 3263 juribus
358 3185 516 3263 Ecclesiae,
542 3191 574 3248 et
598 3188 703 3265 plures
724 3186 887 3247 facultates
900 3203 969 3263 quae
982 3199 1094 3245 conce-

165 3273 282 3336 duntur
294 3278 488 3358 principibus
498 3297 555 3359 per
565 3279 765 3342 concordata.
781 3278 996 3358 Competentia
1009 3273 1092 3354 prin-

166 3366 244 3445 cipis
255 3371 322 3430 teta
335 3369 393 3432 fuit
412 3372 452 3433 de
475 3372 624 3436 mandato
639 3371 786 3434 Eoolesiae
797 3391 805 3445 ;
818 3371 893 3452 jura
914 3367 1093 3442 mandantis

166 3459 316 3534 eueceuit,
333 3479 395 3522 non
416 3462 584 3540 jurasua3
612 3463 827 3528 modificatum
842 3470 888 3526 est
910 3461 1092 3524 exercitium
