2584 4022
532 297 571 346 nn·
591 295 729 348 sumens.
1055 285 1093 350 ts

165 444 263 505 selem
278 445 681 519 amoremetaffectionem;
699 451 729 506 et
739 433 812 506 hinc
827 438 1004 507 extenditur
1024 447 1092 510 haec

166 533 1092 612 assertioetiemadmatrem,adomnesasoeudentesinlinee

162 633 292 711 paterne
305 633 335 690 et
346 633 499 706 materne,
517 630 559 691 ad
568 631 648 692 lilios
659 631 818 692 naturales
827 633 960 708 tantum,
971 633 1095 710 spurios

165 726 195 785 at
206 723 409 797 incestuosos,
421 722 461 784 ad
471 723 551 784 filios
564 724 743 802 adoptivos,
756 723 824 784 siin
837 724 934 802 patris
945 723 1097 804 adoptan-

164 815 203 878 tis
216 819 370 895 potestate
387 815 426 877 sit
441 816 619 895 adoptivus,
636 818 733 878 immo
749 836 805 878 nac
822 817 950 878 vitricus
965 835 1023 896 pro
1035 818 1097 897 pri·

164 910 270 988 vigne,
287 908 529 988 necprivignus
550 927 607 989 pro
623 910 733 971 vitrico
754 910 861 970 testari
888 914 1014 988 potest,
1034 915 1093 973 etc.

164 1001 272 1062 Plures
286 1005 392 1064 tamen
403 1002 498 1064 etiam
509 1020 599 1063 casus
610 1003 798 1078 referuntur,
813 1002 844 1062 in
853 1002 966 1081 quihus
974 1003 1029 1063 filii
1039 1021 1096 1082 pro

164 1095 357 1174 parentibus,
374 1097 429 1155 aut
440 1099 587 1173 parentes
607 1096 640 1156 in
655 1095 756 1155 causis
774 1095 910 1156 filiorum
923 1099 1018 1157 testes
1029 1114 1096 1157 esse

164 1191 305 1266 possunt,
323 1205 402 1268 quos
416 1187 489 1248 vide
508 1186 592 1266 apud
610 1192 772 1250 auctorem
798 1187 940 1249 hocloco
964 1189 1095 1266 relatos,

166 1279 308 1359 quamvis
326 1279 434 1341 nonin
450 1280 535 1342 omni
551 1298 625 1341 casu
652 1280 714 1340 sint
737 1298 862 1359 semper
883 1281 967 1341 omni
985 1299 1098 1360 excep-

165 1373 249 1434 tione
261 1371 409 1453 majores.
1087 1397 1089 1403 ⁴

205 1466 252 1527 Oh
263 1466 345 1530 hanc
354 1467 460 1526 tamen
474 1465 569 1527 etiam
583 1464 734 1526 naturalis
747 1466 919 1528 affectionis
929 1467 1095 1546 rationem,

166 1577 223 1620 uec
236 1559 367 1620 maritus
382 1567 438 1636 pro
452 1576 560 1636 uxore,
575 1577 632 1618 noo
648 1576 726 1618 uxor
737 1577 793 1638 pro
809 1559 921 1632 marito
937 1559 1097 1622 testificari

165 1655 267 1731 potest
278 1651 473 1730 regulariter,
487 1670 545 1712 nec
562 1669 694 1729 sponsus
710 1669 767 1730 pro
779 1670 905 1730 sponse,
915 1654 969 1712 aut
984 1668 1097 1713 conou-

165 1745 304 1806 binarius
319 1763 375 1822 pro
389 1744 646 1821 concubine,'nec
657 1744 957 1822 consanguinei,aut
973 1745 1094 1822 affines,

165 1839 197 1898 in
212 1838 313 1899 causis
328 1836 552 1914 criminalibus
569 1836 619 1896 vel
641 1836 782 1897 civilibus
798 1835 924 1913 arduis,
945 1856 1001 1916 pro
1025 1855 1096 1898 oon·
1123 1856 1126 1863 ¹

166 1929 348 2009 sanguineo,
376 1921 430 1990 aut
444 1929 536 1990 affine
552 1929 583 1988 in
598 1929 690 1990 tertio
701 1928 812 1990 saltem
826 1929 938 2016 gradu,
955 1934 990 1991 ut
1001 1933 1097 1992 testes

166 2021 381 2098 admittuntur,
402 2021 461 2082 nisi
477 2022 594 2082 modici
612 2025 735 2083 tantum
749 2023 923 2103 praejudicii
940 2042 1034 2084 causa
1054 2023 1098 2084 ci-

165 2115 234 2177 vilis
246 2119 338 2192 esset,
354 2117 408 2176 eut
429 2115 460 2174 in
481 2133 576 2176 causa
596 2115 748 2176 criminali
769 2115 808 2174 ad
822 2115 1031 2176 necessariam
1050 2116 1095 2176 rei

167 2208 400 2284 defensionem,
424 2211 455 2269 et
469 2199 705 2268 'ostendendam
728 2195 939 2268 innocentiam
965 2207 1097 2268 adhibe·

166 2305 253 2362 retur
266 2301 348 2362 illius
361 2300 584 2376 testimonium,
598 2303 764 2378 autpertes
775 2315 918 2377 expresse
942 2302 1095 2360 contentae

167 2398 280 2470 essent,
305 2411 377 2454 cum
391 2393 441 2452 vel
464 2392 504 2453 sit
531 2392 645 2472 exigua
666 2410 742 2470 erge
763 2393 946 2452 alterutram
973 2395 1095 2470 partem

165 2486 252 2548 testis
266 2485 336 2547 talis
348 2484 482 2562 affectio,
500 2485 550 2546 vel
564 2484 688 2564 utrique
705 2501 793 2564 aeque
813 2485 943 2546 affectus
958 2484 1008 2561 sit,
1033 2487 1091 2546 etc.
1157 2517 1158 2522 κ

206 2583 265 2656 An,
281 2582 312 2640 et
322 2579 355 2638 in
371 2577 483 2659 quibus
499 2577 621 2638 casibus
631 2586 714 2639 testes
726 2577 875 2638 domestici
885 2577 1015 2656 produci
1023 2595 1096 2656 pos-

167 2672 238 2749 siut,
255 2672 305 2733 vel
319 2671 498 2748 familiares,
516 2670 680 2747 velamini,
697 2675 728 2733 et
740 2690 780 2732 en
791 2671 886 2733 etiam
901 2671 1015 2732 subditi
1026 2689 1096 2751 poa·

166 2765 228 2827 sint
237 2763 448 2827 testimonium
458 2765 533 2824 dare
544 2783 600 2842 pro
611 2764 675 2826 suis
686 2763 1026 2842 dominisll'ripliciter
1034 2761 1095 2823 dici

167 2861 299 2938 possunt·
315 2857 409 2938 aliqui
426 2856 598 2918 domestici.
616 2859 720 2919 Primo
736 2857 862 2933 stricte,
876 2856 966 2916 sicuti
984 2873 1017 2917 se
1039 2856 1095 2916 ha-

166 2951 242 3014 bent
252 2951 384 3012 meritus
399 2953 430 3012 et
444 2968 533 3026 uxor,
550 2953 581 3009 et
590 2949 653 3010 nati
667 2967 704 3010 ex
718 2949 778 3009 illis
788 2948 889 3024 liberi,
912 2951 943 3007 et
959 2947 1096 3027 quisunt

166 3045 225 3105 sul)
240 3044 341 3124 patria
361 3042 464 3104 adhuc
482 3044 656 3121 potestate3
680 3040 719 3100 de
740 3039 862 3119 quibus,
885 3039 969 3118 quod
985 3056 1041 3117 pro
1061 3055 1095 3099 sa

167 3135 301 3198 invicem
315 3138 410 3196 testes
425 3151 492 3195 esse
507 3131 721 3211 nonpossint,
745 3131 849 3210 priore
861 3131 880 3210 5
891 3130 1021 3192 dietum.
1042 3131 1096 3193 Se·
1178 3191 1179 3194 ,

168 3227 270 3291 cundo
283 3227 444 3291 domestici
453 3225 636 3288 dicunturin
648 3221 757 3285 latiore
770 3242 873 3298 sensu,
886 3223 1096 3286 omnesetiam

167 3321 286 3398 famuli,
299 3320 467 3382 etlamulae
483 3319 594 3399 pretio,
612 3321 643 3379 et
654 3314 799 3378 mercede
817 3315 972 3394 conducti,
992 3316 1044 3397 qui
1063 3316 1096 3378 in

168 3414 279 3476 eadem
294 3414 386 3476 domo
400 3412 457 3474 suh
472 3415 626 3492 potestate
642 3407 734 3471 unius
745 3408 989 3489 petris-familias
1006 3408 1097 3470 habi-

168 3508 246 3585 tant,
260 3509 291 3568 et
302 3504 397 3587 hujus
409 3504 539 3586 imperio
551 3505 654 3582 aliquo
665 3502 760 3566 modo
770 3501 911 3564 subsunt.
926 3501 1029 3564 Tertio
1040 3501 1097 3578 de-¹

258 3625 322 3698 [loli.
343 3625 382 3670 ill·
