2578 4012
187 249 245 313 m
397 262 624 310 msrrrorrouns
644 262 727 310 sums
748 261 903 308 curvorum.

227 409 335 487 Neque
355 405 547 470 dimissorias
565 425 620 468 seu
635 403 905 468 commendatitias
923 403 1042 465 litteras
1058 417 1121 481 pro

187 500 375 580 recipiendis
386 499 546 561 ordinibus
561 499 692 563 subditis
702 497 887 573 concedere,
898 495 956 556 nisi
970 495 1119 574 episeopo

188 594 232 656 itu
244 594 372 655 absente
392 595 423 652 et
441 592 472 652 in
486 591 614 654 remotis
629 593 753 672 agente,
774 594 810 651 ut
823 588 946 650 nonnisi
965 590 1036 666 post
1051 587 1120 648 lon-

187 704 263 766 gum
277 689 401 763 tempus
414 684 566 746 adventus
581 683 648 765 ejus
658 686 810 764 speretur.

227 777 333 858 Neque
344 777 505 838 absolvere
521 777 677 838 abusibus
693 777 839 855 episcopo
852 773 1029 850 reservatis,
1046 792 1121 834 oum

187 871 220 931 id
234 887 298 931 uon
311 869 418 930 veniat
428 869 460 930 in
471 869 610 948 generali
626 868 861 942 commissioue;
878 885 980 947 neque
995 866 1122 945 dispen-

187 980 258 1024 sare
267 962 300 1022 in
312 960 605 1040 irregularitatibus‚
618 967 649 1022 61
657 961 819 1023 absolvere
831 978 851 1020 a
861 958 1119 1038 suspensionibus

188 1073 226 1116 ex
244 1053 357 1114 delicto
373 1053 494 1114 occulto
519 1054 773 1131 provenientibus
797 1071 833 1116 eo
847 1052 887 1114 ab
902 1052 969 1112 aliis
992 1051 1119 1112 casibus

188 1146 317 1209 oooultis
331 1145 397 1206 sedi
413 1146 591 1226 apostolicae
606 1146 773 1208 reservatis
788 1145 868 1207 sieut
879 1147 983 1224 potest
996 1145 1120 1222 episco-

188 1257 247 1318 pus
257 1238 290 1298 in
304 1238 378 1299 vim.
392 1238 519 1318 (concil.
537 1238 636 1316 trid„
647 1243 779 1315 666611,
792 1237 827 1324 de
837 1237 984 1318 Reform,
993 1236 1116 1315 capb.)

230 1333 281 1392 ll⁰
300 1333 407 1412 Neque
419 1331 486 1393 sine
500 1331 627 1411 speciali
642 1331 790 1394 mandato
811 1347 999 1410 cognoscere
1014 1332 1119 1408 potest

190 1424 229 1485 de
242 1423 371 1484 crimine
387 1423 525 1486 haeresis.
550 1427 615 1486 lmo
640 1442 741 1504 neque
765 1424 803 1485 de
824 1423 950 1485 licentia
977 1421 1115 1503 episcopi

190 1518 293 1594 potest
307 1515 470 1576 absolvere
480 1516 621 1577 subditos
631 1517 663 1577 in
675 1517 742 1578 foro
756 1513 1114 1578 conscientiaeaorimine

189 1605 327 1682 haeresis,
341 1607 414 1686 quia
428 1607 488 1668 hoo
501 1609 650 1687 competit
663 1609 736 1670 solis
751 1609 904 1688 episeopis
917 1609 1026 1687 vigore
1039 1625 1115 1668 oon-

190 1698 338 1760 oessionis
350 1716 438 1761 eone.
455 1699 540 1761 Trid.
555 1700 641 1780 (sess.
656 1704 705 1778 ut,
717 1701 752 1762 de
766 1701 913 1782 Reform„
930 1719 999 1780 cap.
1014 1701 1056 1780 6).

230 1793 280 1851 12ο
301 1793 408 1870 Neque
427 1792 620 1854 voluntatem
643 1794 755 1872 puellae
772 1792 915 1865 habitum
938 1793 1116 1874 regularem

190 1882 347 1962 smoipere
368 1887 423 1945 aut
447 1885 648 1964 professionis
674 1889 782 1948 votum
810 1887 951 1948 emittere
984 1886 1118 1948 volentis

189 1975 350 2053 explorare
360 1980 472 2056 potest,
488 1981 523 2039 ut
537 1978 715 2057 experiatur
726 1997 767 2039 an
783 1983 911 2056 coacta,
931 1998 971 2040 an
986 1979 1119 2039 seducta

189 2066 240 2142 sit,
255 2070 287 2128 et
306 2086 347 2128 an
361 2069 440 2131 sciat
452 2069 528 2149 quid
543 2073 627 2150 aget,
649 2074 681 2132 61
700 2074 815 2132 oaetera
829 2071 921 2150 juxta
944 2069 1119 2150 dispositio·

190 2176 264 2218 nem
285 2159 385 2240 (conc.
402 2161 501 2239 Tria,
520 2179 595 2224 sese.
609 2165 657 2239 25,
670 2162 705 2224 dc
720 2162 876 2242 Regulam,
892 2182 960 2244 cap.
977 2164 1042 2242 lv);
1059 2163 1120 2224 uisi

191 2250 232 2312 ad
257 2252 325 2312 haec
346 2252 387 2316 sit
405 2253 582 2332 specialiter
602 2254 780 2333 deputatus,
810 2255 861 2316 vel
889 2256 1054 2335 episcopus
1079 2255 1119 2316 sit

191 2345 303 2406 absens
314 2349 368 2407 aut
381 2346 519 2426 legitime
533 2347 712 2427 impeditus.

232 2438 284 2496 13ο
304 2438 411 2517 Neque
442 2457 630 2517 cognoscere
657 2443 760 2520 potest
780 2440 819 2501 de
850 2459 945 2503 causa
974 2441 1119 2521 delegata

188 2527 347 2606 episcopo,
362 2529 421 2589 nisi
433 2531 465 2589 in
475 2531 626 2610 rescripto
639 2532 747 2594 addita
757 2532 818 2594 sint
829 2533 928 2595 verba
943 2554 950 2596 :
967 2533 1038 2595 Sive
1050 2533 1118 2613 ejus

183 2620 329 2700 generali
343 2619 472 2683 vicario.

230 2715 280 2773 11θ
301 2715 408 2792 Neque
432 2713 497 2776 sine
516 2715 643 2795 speciali
658 2717 806 2780 mandato
830 2720 932 2798 potest
953 2722 1116 2781 auctorare

191 2805 368 2885 exemplum
386 2824 423 2866 ex
438 2807 580 2886 originali
601 2811 779 2888 sumptum,
802 2813 836 2872 ut
851 2811 995 2872 eamdem
1008 2811 1073 2873 vim
1087 2818 1117 2872 et

191 2897 409 2960 auctoritatem
424 2918 495 2960 cum
509 2900 653 2980 originali
669 2900 796 2965 hebeat.

232 2992 282 3053 111ο
304 2993 411 3070 Neque
422 2991 489 3053 sine
509 2992 635 3072 speciali
649 2995 798 3057 mandato
810 2998 914 3075 potest
928 2997 1116 3058 condemna-

191 3087 260 3145 tum
273 3102 364 3144 reum
377 3085 549 3146 absolvere.
568 3084 650 3163 Sive,
668 3090 703 3148 ut
716 3087 839 3164 dieitur,
857 3105 919 3148 non
929 3092 1031 3166 potest
1044 3109 1116 3169 gra·

191 3174 268 3236 tiam
281 3175 384 3238 faeere
395 3179 426 3237 61
437 3176 599 3256 indulgere
615 3178 866 3259 delinquentibus
879 3225 887 3256 ‚
905 3199 978 3243 nam
990 3183 1023 3243 id
1036 3183 1116 3261 sapit

191 3265 421 3344 liberalitatem,
436 3271 467 3330 61
481 3285 543 3331 non
553 3270 639 3332 venit
651 3271 683 3331 in
695 3271 836 3349 generali
849 3275 1010 3336 mandato.

231 3357 281 3418 Ad
299 3357 546 3436 dignoscendum
564 3368 669 3423 antem
685 3380 742 3440 pro
759 3364 947 3443 quibusnam
961 3367 1061 3428 causis
1076 3387 1114 3428 au

193 3448 319 3525 habeat,
335 3451 385 3509 vel
399 3469 471 3528 non,
488 3452 623 3530 speciale
635 3453 829 3533 mandatum,
845 3457 938 3523 debet
952 3459 1115 3538 diligenter
