2578 4012
183 305 240 364 ltili
388 315 720 364 1nsr1rorronnsron1s
743 301 899 361 onnorhcr.

223 460 343 541 Religio
356 459 677 540 catholicahabetjus
692 459 789 521 adsui
805 457 1017 530 diffusionem
1034 471 1111 534 ergo

182 553 222 615 ad
237 553 479 616 des'trnctionem
494 557 690 615 ceterarum.

223 661 285 723 Sed
299 679 367 723 sese
392 660 537 723 diffundit
557 660 715 722 mediante
739 658 934 721 convictione
951 703 959 734 ,
975 674 1038 716 non
1054 673 1112 715 au-

182 758 246 816 tem
263 754 376 814 mediis
399 753 583 826 coactionis;
598 772 672 832 ergo
700 752 835 814 admittit
856 749 1055 812 tolerantiam
1078 747 1111 807 in

182 848 264 908 facto
274 866 313 907 ne
323 847 413 928 pejus
427 846 583 909 obveniat.

222 954 297 1014 lnde
311 953 478 1015 relationes
492 954 573 1015 inter
585 952 754 1014 Ecclesiam
771 950 956 1013 catholicam
975 951 1006 1010 et
1017 951 1111 1009 caete-

182 1065 234 1108 ras
249 1046 483 1108 communiones
494 1046 655 1126 religiosas
668 1050 798 1124 possunt
806 1042 994 1105 considerari
1005 1039 1109 1120 prout'

183 1143 255 1201 arnt
269 1138 380 1220 dejure
395 1142 427 1200 et
440 1138 544 1218 prouti
554 1141 626 1200 sunt
639 1138 674 1199 dc
686 1137 778 1218 sacto.

438 1335 639 1406 arnonas
663 1335 852 1406 aornos

301 1557 308 1568 ι
396 1509 674 1586 annarronns
698 1534 749 1585 nn
772 1534 888 1586 roan.

223 1713 399 1775 halationes
419 1713 457 1773 de
473 1712 544 1793 jure
562 1713 753 1777 considerari
767 1716 897 1792 possunt
910 1712 959 1772 vel
976 1729 1107 1790 genera-

182 1806 238 1867 tim
253 1805 334 1866 inter
347 1805 519 1868 Ecclesiam
537 1806 723 1868 catholicam
742 1811 774 1868 ct
796 1810 897 1868 sectas
914 1822 1022 1866 omnes
1035 1821 1108 1863 aca-

182 1898 333 1976 tholicos,
348 1900 396 1960 vel
410 1899 571 1978 speciatim
585 1899 666 1961 inter
682 1899 853 1961 Ecclesiam
872 1897 1057 1959 catholicam
1076 1898 1108 1956 et

182 1992 286 2054 varias
296 1991 415 2071 species
428 1995 584 2055 sectarum
594 1993 634 2054 ah
647 2011 685 2054 ea
699 1992 957 2054 dissentientium.

483 2181 613 2242 CAPUT
635 2179 799 2242 PRIMUM.

368 2369 552 2416 nncrrronns
573 2371 612 2414 nn
633 2371 707 2416 rone
728 2371 916 2416 osnnnnrnr.

542 2511 697 2574 Tharrana
717 2515 740 2578 l.

217 2672 242 2733 l.
269 2670 333 2732 Uno
345 2677 458 2731 tactum
476 2672 579 2753 reliqio
599 2693 668 2736 cera
684 2694 740 2736 csse
747 2684 855 2756 potest.
868 2676 958 2737 Ratio
971 2678 1018 2736 est
1031 2674 1106 2754 quie

178 2761 293 2824 veritas
315 2780 379 2824 non
397 2767 500 2842 potest
520 2784 587 2828 esse
604 2766 784 2830 indifferens
810 2769 851 2832 ad
872 2767 1015 2847 opposita
1031 2812 1038 2843 ‚
1055 2767 1105 2828 vel

178 2874 246 2918 esse
261 2855 293 2916 in
307 2857 565 2921 contradictoriis.
658 2913 664 2920 .

575 2989 698 3052 Corollaria

216 3141 249 3199 1⁰
270 3141 353 3220 Ergo
365 3158 403 3200 ex
414 3140 559 3202 omnibus
572 3143 663 3204 sectis
677 3143 830 3222 religiosis
838 3143 973 3204 invicem
987 3143 1105 3203 dissen-

176 3230 324 3294 tientibus
338 3252 402 3295 una
416 3235 538 3296 tantum
550 3239 653 3315 potest
664 3235 780 3296 habere
785 3233 954 3315 juridicam
970 3236 1105 3297 existen-

175 3322 251 3384 tiam
266 3330 471 3388 :ceterarum
486 3327 786 3406 existentiaillegalis
799 3331 846 3389 est
856 3327 894 3388 de
908 3331 1021 3389 natura
1035 3345 1103 3405 sua,

175 3431 232 3474 nec
255 3415 317 3476 ullo
341 3437 481 3497 unquam
504 3421 594 3481 titulo
619 3419 785 3498 legitimari
812 3423 930 3499 potest3
958 3420 1103 3500 componi

175 3506 258 3568 enim
280 3525 342 3568 non
355 3513 459 3588 potest
476 3529 548 3572 cum
558 3510 694 3588 juridica
714 3513 805 3576 unius
820 3512 1008 3590 existentia,
1032 3513 1106 3594 quie
