2584 4022
167 267 206 328 ol
389 275 614 324 rnsrrrurrones
635 275 896 326 runis-curcum.

167 441 261 504 super
279 423 328 484 his
353 422 593 484 instrumentum
610 423 769 502 publicum
789 423 964 486 conlectum
979 424 1029 503 sit,
1045 443 1097 504 pe·
1152 455 1154 459 v

165 521 250 588 ‚iente
266 536 302 578 eo
317 514 517 596 postmodum
532 532 588 594 pro
605 534 666 596 quo
689 515 843 578 sententia
870 517 934 578 lata
956 520 1012 596 est,
1039 518 1098 579 im-

160 611 288 692 plorato
300 607 544 690 ‘judicisofficim
560 613 656 670 testes
671 609 774 671 denuo
793 609 909 686 vocari,
937 610 1049 688 audiri,
1067 615 1097 674 et

166 704 376 783 depositiones
385 719 494 762 eorum
504 701 709 764 instrumento
723 702 847 780 publico
860 702 892 763 in
911 703 1097 783 scripturam

165 815 184 856 a
202 797 322 858 notario
333 794 444 874 redigi.

205 889 402 970 Regulariter
428 887 552 949 nonnisi
574 889 638 948 tres
663 888 884 967 productiones
898 891 1024 952 testium
1044 893 1097 954 ad-

165 982 245 1045 mitti
259 985 389 1062 possunt
403 981 458 1060 (ita
472 983 508 1040 ut
521 980 616 1040 iidem
630 984 736 1058 testae,
754 981 779 1042 si
791 982 959 1044 testificata
973 1003 1036 1046 non
1051 986 1097 1046 di-

166 1075 241 1136 dicit
251 1075 439 1155 producenS,
456 1073 587 1152 produci
602 1073 722 1153 possint
731 1073 844 1135 iterum
855 1095 949 1156 super
961 1079 1096 1158 antiquis

166 1167 313 1244 articulis,
322 1168 372 1228 vel
380 1167 475 1228 etiam
484 1165 583 1242 novis,
592 1185 628 1226 ex
640 1170 848 1228 causetamen
855 1169 968 1249 justa);
981 1175 1012 1232 et
1024 1189 1095 1233 cum

164 1261 360 1323 solemnitate
371 1259 464 1338 legali
478 1263 590 1340 quarta
611 1260 705 1321 etiam
715 1261 877 1338 productio
890 1263 1016 1324 testium
1028 1265 1095 1324 dari

164 1357 196 1416 et
218 1352 347 1415 concedi
371 1356 482 1432 potest,
499 1371 538 1412 ne
562 1352 748 1434 scilicetper
773 1355 956 1417 effrenatam
969 1357 1096 1419 testium

163 1447 405 1522 multitudinem,
432 1449 464 1508 et
483 1446 615 1508 multam
629 1445 752 1507 illorum
775 1447 1002 1526 depositionem
1026 1451 1096 1513 lites

163 1539 294 1600 nimium
309 1539 542 1618 protrahentur,
560 1542 591 1600 et
610 1557 649 1598 ue
663 1539 837 1618 periculum
850 1541 889 1602 sit
904 1543 1096 1622 evulgando-

163 1651 234 1693 rum
257 1649 365 1692 eorum
384 1648 453 1710 quae
481 1631 814 1709 testesdeposuerunt,
831 1638 886 1696 aut
899 1636 1095 1699 subornatio-

164 1724 212 1785 nis
223 1723 354 1804 alicujus
369 1724 427 1784 nisi
441 1723 731 1802 prius-quamtertia
741 1726 904 1803 productio
917 1729 982 1805 fiat,
991 1734 1095 1808 partes

164 1816 302 1879 ulteriori
313 1815 509 1896 productioni
519 1816 775 1878 renuntiaverint.
789 1819 975 1898 thuamvis
984 1826 1095 1903 quarta

164 1909 327 1991 productio
347 1909 473 1971 testium
499 1927 536 1968 ex
558 1926 653 1970 causa
677 1909 805 1972 concedi
821 1913 919 1990 possit
938 1933 956 1974 a
975 1914 1092 1994 judice,

164 2001 258 2064 debet
271 2006 374 2063 tamen
388 2020 462 2081 pars
476 2005 585 2080 petens
601 2006 743 2081 quartam
759 2002 840 2066 hanc
855 2007 1094 2084 productionem

163 2099 313 2176 praestare
325 2095 550 2176 juramentum,
563 2095 647 2174 quod
672 2097 885 2159 attestationes
899 2100 1025 2162 testium
1037 2120 1094 2162 nec

165 2206 241 2265 suae,
256 2205 313 2248 nec
326 2189 465 2249 adversae
480 2189 588 2268 partis,
603 2207 661 2249 nec
671 2207 728 2266 per
735 2208 778 2266 se,
796 2208 853 2252 nec
863 2210 920 2271 per
935 2193 1011 2256 alios
1024 2213 1095 2274 sup-

165 2281 323 2362 presserit,
342 2285 396 2343 aut
417 2281 629 2359 occultaverit,
647 2283 732 2362 quod
746 2283 955 2362 depositiones
971 2288 1095 2348 testium

165 2394 228 2438 non
243 2375 460 2455 exploraverit,
478 2394 535 2436 nec
558 2379 770 2455 perscrutatus
795 2377 834 2438 sit
854 2379 927 2458 (non
942 2379 1031 2442 obest
1049 2385 1096 2444 te-

164 2486 248 2542 men,
266 2468 366 2528 obiter
382 2486 434 2528 eas
447 2469 560 2546 legisse
581 2471 713 2545 tantum,
731 2473 784 2530 aut
802 2471 910 2532 referri
926 2473 1093 2551 audivisse,

151 2565 152 2568 ’
166 2577 237 2620 cum
250 2558 348 2618 extali
359 2576 433 2618 casu
447 2559 1096 2646 nullevideetursubornationispraesump-

164 2650 207 2711 tic
220 2666 311 2728 posse
329 2649 426 2727 oriri),
455 2653 486 2711 et
498 2651 583 2728 quod
604 2651 684 2712 hanc
699 2657 843 2731 quartam
857 2657 1095 2734 productionem

165 2760 228 2804 non
242 2744 329 2820 petat
340 2740 494 2802 malitiose
509 2743 540 2802 et
553 2742 670 2819 dolose,
692 2749 765 2820 etc,
781 2745 813 2805 in
832 2747 944 2826 quibus
956 2749 1096 2812 consistit

164 2834 329 2896 solemnitor
355 2833 409 2894 illa
431 2834 551 2912 legalis,
579 2833 665 2914 cujus
692 2836 903 2900 meminerunt
917 2840 992 2922 jura
1008 2863 1014 2904 :
1033 2861 1095 2924 qua

166 2927 385 3017 supposita-si
400 2933 506 2988 tamen
521 2931 621 2990 cesset
634 2929 864 2994 subornationis
878 2936 1092 3015 praesumptio,
1193 2969 1195 2972 ·
1221 2985 1224 2992 .
1256 2948 1262 2958 '
1284 3010 1285 3018 ἵ

166 3025 197 3084 et
212 3023 317 3101 partes
332 3038 394 3081 non
409 3020 656 3082 renuntiaverint
671 3023 809 3085 ulteriori
822 3026 950 3087 testium
962 3029 1095 3106 produc-

164 3114 253 3190 tioni,
268 3117 370 3192 potest
383 3113 436 3175 illa
460 3131 533 3192 pars
548 3133 617 3194 quae
641 3116 750 3193 petivit
764 3117 891 3201 quidem
915 3121 1095 3183 ulteriorem

164 3205 412 3284 productionem,
437 3205 486 3266 cui
509 3209 614 3268 tamen
635 3207 689 3268 illa
711 3227 858 3271 concessa
872 3230 932 3273 non
956 3214 1014 3275 luit
1029 3214 1094 3275 sine

161 3297 246 3378 justa
264 3315 369 3375 causa,
386 3317 405 3358 a
419 3299 601 3376 gravamine
617 3300 686 3377 hoc,
707 3304 737 3362 et
751 3305 905 3366 sententia
924 3306 983 3366 hac
998 3305 1095 3368 inter-

164 3389 328 3466 locutoria,
355 3407 425 3469 quae
441 3392 505 3452 vim
524 3391 690 3454 definitiva
706 3393 810 3472 habet,
839 3416 901 3458 non
914 3402 1041 3462 tantum
1053 3400 1092 3462 de

161 3481 233 3561 jure
257 3481 425 3560 canonico,
453 3482 622 3548 sedetiam
647 3483 685 3545 de
710 3485 782 3564 jure
805 3489 887 3552 civili
915 3491 1088 3571 appellare,

1282 479 1285 600 l

1282 687 1285 766 l

1284 843 1285 918 l

1282 1103 1285 1240 i
