2584 4022
488 325 491 332 ·
547 299 586 346 nu
605 301 742 348 romeus.
1073 286 1111 345 ’Π

184 440 237 522 qui
248 461 268 504 a
281 441 344 504 fide
354 442 507 506 catholica
522 445 715 523 defecerunt,
733 445 774 506 cd
797 443 1029 508 testificandum
1041 461 1113 506 con·

183 537 234 600 tra
256 534 382 596 fidelem
398 537 587 599 catholicum
606 538 710 601 idonei
723 556 786 600 non
798 541 887 610 sunt3
904 538 979 617 quia
991 539 1063 598 sunt
1075 536 1115 598 de

185 627 319 690 falsitate
332 648 370 690 ex
380 629 461 710 juris
476 632 719 711 praesumptione
740 632 888 712 suspecti,
906 649 1008 711 neque
1020 629 1115 690 fidem

185 724 356 799 merentur,
387 724 441 801 qui
465 724 560 784 fidem
588 724 786 806 abjecerupt3
814 725 898 805 quod
919 722 1009 784 multi
1022 722 1116 785 etiam

188 814 359 876 extendunt
385 815 426 876 ad
455 817 600 901 ludaeos,
625 821 680 879 aut
702 817 844 879 infideles
870 819 1013 878 recenter
1043 832 1117 878 con-

188 925 307 984 versos,
325 911 399 981 eto.;
418 912 530 988 putant
553 911 683 991 insuper
696 911 818 972 admitti
838 910 933 971 eosin
946 912 1041 970 testes
1055 896 1118 970 non

189 1016 291 1079 posse,
309 1001 429 1062 etiamsi
444 1002 605 1064 christiani
622 1023 767 1084 expresse
787 1003 993 1065 consentiant.
1011 1003 1046 1064 In
1059 1000 1120 1062 cri-

189 1092 325 1154 minibus
337 1097 442 1156 tamen
462 1097 610 1175 exceptis,
627 1097 702 1158 etin
723 1097 835 1176 quibus
859 1096 983 1157 casibus
1003 1093 1120 1156 veritas

191 1185 281 1247 aliter
293 1186 403 1248 haberi
415 1206 478 1251 non
503 1193 624 1269 potest,
641 1193 696 1252 aut
718 1190 744 1251 si
769 1192 878 1252 contra
889 1189 966 1250 alios
980 1188 1118 1262 ludaeos,

190 1282 246 1339 aut
264 1278 405 1341 infideles
426 1285 589 1361 testentur,
618 1284 740 1345 etiamsi
756 1283 795 1344 ab
814 1282 988 1344 orthodoxo
1003 1279 1122 1359 produ-

193 1375 314 1449 cantur,
335 1377 444 1436 coutm
459 1393 532 1453 cos,
560 1379 633 1453 etc,
654 1376 776 1438 admitti
800 1377 951 1454 possunt:
970 1391 1032 1435 non
1052 1375 1124 1433 sunt

192 1466 298 1550 tamen
314 1467 398 1527 omni
423 1469 605 1547 exceptione
620 1469 767 1550 majores.
784 1467 934 1530 Catholici
949 1483 1023 1528 vero
1040 1463 1124 1525 testi-

193 1557 333 1619 moninm
347 1563 457 1622 contra
478 1562 624 1624 Judaeum
645 1565 700 1625 aut
716 1561 875 1622 infidelem
898 1578 956 1622 nec
975 1559 1007 1619 in
1023 1557 1125 1620 causis

193 1648 347 1728 civilibus,
361 1671 419 1715 uec
437 1654 469 1715 in
482 1655 694 1726 criminalibus
715 1654 869 1736 rejicitur,
887 1652 931 1715 ita
949 1655 985 1714 ut
998 1670 1056 1713 nec
1070 1669 1127 1730 per

193 1742 584 1827 privilegiaapriucipibus
595 1766 743 1810 concessa
753 1746 854 1810 Judaei
863 1746 943 1808 tueri
954 1744 1125 1824 sepossint,

182 1837 360 1914 ‚quominus
398 1858 455 1918 per
480 1843 574 1902 testes
603 1841 788 1902 christianos
817 1837 959 1902 convinci
995 1837 1125 1916 possint,

194 1944 266 1987 cum
284 1929 360 1992 talia
373 1932 546 2013 privilegia,
562 1936 598 1996 ut
623 1934 666 1997 ait
686 1933 836 2013 pontifex,
860 1930 1041 1992 christianae
1055 1929 1130 1993 reli-

194 2019 280 2100 gioni
292 2024 444 2101 probrosa
453 2026 515 2088 sint
525 2030 556 2089 et
570 2028 718 2102 adversa3
735 2031 767 2088 et
780 2025 942 2107 aequalitas
962 2023 993 2084 in
1003 2022 1129 2104 judiciis

195 2116 350 2177 servanda
378 2122 517 2180 actorem
542 2123 574 2181 et
603 2137 692 2182 reum
713 2122 907 2195 concernat,
938 2135 1001 2178 non
1025 2121 1130 2179 autem

195 2208 300 2270 testes.

237 2305 317 2366 XVI.
343 2303 400 2379 Oui
412 2305 628 2386 prohibeantur
654 2307 736 2387 ferre
766 2303 961 2366 testimonium
986 2301 1018 2362 in
1045 2302 1132 2362 certis

199 2395 310 2457 causis?
323 2399 439 2476 Primo,
455 2399 561 2461 molier
575 2403 758 2478 potestesse
772 2396 859 2459 testis
874 2395 905 2455 in
921 2394 1023 2456 causis
1035 2393 1132 2456 civili-

197 2487 268 2565 bus,
284 2492 350 2552 tam
364 2491 396 2551 in
407 2492 475 2554 foro
488 2492 581 2570 civili,
592 2510 688 2572 quam
699 2491 861 2567 canonico,
878 2488 973 2550 etiam
984 2487 1018 2549 in
1029 2486 1132 2548 causis

199 2583 490 2663 matrimonialibus,
508 2603 577 2667 quae
595 2585 676 2648 inter
689 2585 782 2646 valde
802 2582 917 2646 arduas
937 2584 1104 2644 censentur
1122 2625 1130 2657 ,

198 2675 243 2738 ita
255 2679 288 2737 ut
302 2676 342 2739 sit
354 2674 483 2758 integrae
494 2679 579 2756 fidei,
592 2682 623 2740 et
637 2678 843 2758 semiplenam
855 2675 1074 2756 probationem
1087 2673 1132 2733 fa-

200 2768 272 2846 ciat,
285 2769 310 2830 si
325 2788 389 2830 una
399 2774 522 2832 tantum
536 2772 639 2834 taliter
653 2776 785 2834 testetur
809 2772 865 2850 (ita
881 2774 987 2855 tamen
1002 2771 1038 2828 ut
1051 2767 1133 2828 viro·

200 2880 269 2923 rum
284 2862 461 2925 testimonia
478 2865 645 2926 mulierum
657 2864 843 2944 testimoniis
858 2859 1090 2942 praeferantur).

240 2957 279 3016 ut
294 2956 438 3036 quamvis
453 2956 492 3018 de
504 2957 575 3037 jure
596 2957 697 3034 civili,
712 2961 744 3018 et
758 2974 894 3018 caesareo
909 2954 1021 3015 mulier
1039 2951 1134 3012 etiam

200 3047 231 3109 in
244 3049 458 3111 criminalibus
469 3050 556 3111 testis
570 3067 638 3111 esse
652 3050 771 3128 possit,
788 3047 847 3110 nisi
870 3047 910 3109 sit
924 3063 1021 3108 causa
1041 3042 1133 3105 valde

200 3143 316 3221 gravis,
331 3147 363 3206 et
372 3143 481 3218 ardua,
493 3142 543 3203 vel
555 3142 609 3204 ubi
622 3142 726 3222 agitur
738 3142 779 3202 ad
793 3159 921 3220 poenam
940 3137 1069 3215 mortis,
1084 3135 1134 3198 vel

202 3236 425 3314 mutilationis,
444 3235 557 3316 quibus
573 3235 696 3298 casibus
708 3235 820 3296 saltem
834 3234 963 3313 integrae
977 3231 1051 3294 fidei
1072 3249 1135 3292 non

202 3329 261 3389 erit
272 3329 360 3391 testis
372 3329 495 3408 mulier,
513 3333 544 3392 et
559 3329 643 3391 omni
659 3329 840 3408 exceptione
862 3325 984 3408 major,
1004 3325 1043 3387 de
1066 3324 1135 3406 jure

202 3424 308 3484 tamen
322 3422 473 3485 canonico
485 3422 630 3484 incensis
644 3421 878 3500 criminalibus,
892 3421 917 3482 si
934 3417 1136 3482 criminaliter

204 3515 245 3576 ad
259 3534 386 3596 poenam
396 3515 555 3595 publicam
570 3520 693 3596 agatur,
705 3515 746 3578 ad
756 3515 935 3578 testandum
951 3513 1063 3575 mulier
1072 3528 1134 3572 non
