2586 4020
396 272 434 316 or
457 272 596 320 uxrssno
619 254 769 318 acuisses
791 271 896 316 sensu.
1055 259 1111 320 187
1188 249 1190 254 ’

159 416 345 496 'potestatis
368 416 525 492 Ecclesiae,
542 417 598 477 sed
620 420 758 495 potestas
785 413 936 476 translata
953 432 1015 475 non
1041 417 1110 495 fuit,

182 527 241 570 nee
253 509 354 588 potuit
365 509 398 568 in
413 508 589 589 subjectum
600 509 672 590 jure
682 509 786 570 divino
799 507 932 585 incapax
947 509 1031 586 quud
1041 504 1111 571 eam

182 605 287 682 posset
298 601 449 680 recipere.
479 601 542 662 Sed
560 603 662 680 potuit
673 601 813 662 Ecclesia
828 598 960 675 positiva
975 601 1112 679 quadam

182 693 387 755 conventione
408 692 519 753 cedere
545 693 670 754 cuidam
698 691 905 753 determinato
931 693 1111 755 exercitium

181 805 310 847 suorum
326 781 446 866 jurium
460 786 567 846 favore
587 786 764 864 principum
778 785 872 862 prout
885 781 959 842 fecit
968 803 1024 862 per
1038 804 1112 846 oon-

181 878 310 939 cordata
322 877 410 938 :iudc
420 877 519 938 habes
529 879 596 938 haec
604 879 800 939 theoremata
809 876 841 935 in
852 881 998 937 concreto
1007 879 1111 957 quoad

173 971 291 1032 vlimites
301 970 464 1049 utriusque
478 971 641 1049 potestatis
657 991 663 1031 :

219 1079 249 1136 l⁰
270 1075 404 1136 Ecclesia
412 1083 508 1156 potest
519 1075 591 1137 inre
602 1075 684 1138 cicili
700 1086 841 1157 quantam
851 1079 953 1142 caeteri
959 1077 1110 1158 principes

180 1167 309 1248 lepitime
323 1169 483 1229 constituti.
660 1171 663 1182 ’

218 1279 252 1334 2⁰
272 1273 309 1333 ln
323 1293 355 1334 re
375 1273 566 1334 ecclesiastica
583 1293 729 1355 quousque
745 1295 802 1334 nan
817 1275 1041 1352 demonstrator,
1053 1295 1111 1354 po-

168 1359 265 1428 'sitioa
279 1366 405 1446 quadarn
427 1367 610 1428 concentione
631 1366 745 1426 caldam
763 1367 953 1429 determinato
971 1369 1110 1430 enercitrb

170 1459 289 1539 juriani
302 1479 359 1518 nan
370 1459 548 1519 renuntiasse
560 1477 616 1538 pro
629 1456 699 1518 bono
710 1479 771 1537 sao,
780 1459 849 1522 'dccc
859 1461 1037 1522 renuntiatio
1053 1481 1111 1522 non

178 1552 361 1632 supponitur.

218 1661 252 1718 30
273 1657 416 1738 Princeps
437 1658 467 1718 in
490 1677 522 1718 re
541 1657 733 1718 ecclesiactica
751 1657 785 1718 id
808 1678 891 1720 ornae
912 1666 1011 1740 potest
1032 1659 1112 1740 qnod

178 1749 306 1812 concedit
320 1750 454 1811 Ecclesia
465 1749 655 1812 demandato.
669 1749 732 1811 Sed
741 1758 829 1811 cessat
842 1751 935 1812 carnis
947 1771 1107 1833 presump-

179 1843 220 1903 tio
234 1843 261 1902 si
267 1842 405 1922 prinecps
420 1841 529 1922 dejure
538 1861 588 1902 sno
598 1842 888 1922 apercpratenditin
899 1843 1044 1906 Ecclesia.

504 2037 704 2130 ireneus
729 2037 776 2106 11.

176 2237 224 2286 un
253 2236 375 2288 nurus
401 2237 644 2290 Peorscrrons
668 2239 712 2288 ar
734 2238 935 2290 auvocarra
956 2240 1104 2293 urame-

115 2325 123 2340 '
217 2340 288 2417 ouo
311 2315 522 2392 POTESTAris
546 2339 828 2394 uoceesmsrrcn:
851 2341 894 2392 nr
918 2341 1057 2392 crvrels.

215 2518 239 2577 l.
263 2515 386 2577 Nemini
399 2534 500 2576 noceas
514 2534 526 2576 .·
537 2515 628 2577 aliam
648 2525 789 2598 quantam
801 2517 1009 2598 potesjnoato.
1020 2520 1103 2580 -Haec

174 2614 248 2669 snut
264 2609 326 2668 duo
343 2623 490 2688 suprema
504 2608 607 2686 capita
621 2609 738 2672 ordinis
753 2609 891 2688 moralis,
906 2610 989 2672 uude
1004 2611 1103 2672 dedu-

176 2706 288 2761 cuntur
297 2700 402 2761 omnia
412 2699 574 2760 hominum
582 2700 684 2762 officia
695 2701 809 2780 quibus
818 2701 955 2782 ligantur
965 2701 1046 2765 inter
1055 2721 1100 2780 se,

174 2791 240 2856 sive
262 2791 499 2854 considerentur
513 2793 628 2871 singuli
648 2793 681 2853 iu
695 2793 803 2856 ordine
819 2795 859 2855 ad
872 2793 1021 2872 singulos,
1035 2794 1101 2855 sive

174 2885 249 2964 ipsae
262 2884 425 2946 societates
440 2880 520 2944 iuter
529 2902 574 2945 se.
587 2886 659 2945 Haec
674 2886 785 2946 eadem
799 2885 952 2964 principia
964 2884 1100 2964 applica·
1167 2928 1169 2934 -

173 2977 276 3038 bimus
299 2975 492 3057 respectibus
515 2977 564 3037 vel
590 2976 793 3038 relationibus
822 2977 992 3038 moralibus
1019 2977 1101 3038 inter

172 3069 343 3132 Ecclesiam
358 3073 389 3130 et
403 3073 533 3142 statum3
562 3067 773 3129 ecclesiastica
797 3070 965 3131 auctoritas
994 3072 1099 3148 posset

172 3162 271 3223 civilis
287 3161 479 3224 auctoritatis
490 3161 562 3242 jura
583 3160 731 3222 invadere
745 3161 877 3223 autrico
892 3179 1100 3240 versa‚prop-

168 3258 255 3316 terea
268 3253 445 3315 definienda
464 3257 511 3315 est
524 3253 686 3333 utriusque
709 3253 902 3316 auctoritatis
917 3257 1097 3332 competen-

120 3373 127 3392 ι
169 3348 228 3421 tia3
254 3347 309 3408 sed
331 3347 425 3408 etiam
449 3346 542 3408 debet
555 3365 620 3408 una
643 3346 773 3408 alteram
791 3346 914 3426 juvare,
931 3349 1096 3426 propterea

146 3477 149 3485 s
169 3438 348 3502 definienda
363 3442 394 3501 et
407 3440 552 3518 ponenda
577 3442 624 3503 est
643 3439 806 3524 utriusque
822 3439 1014 3504 auctoritatis
1027 3457 1098 3508 mu·¹
1283 3465 1284 3534 ᾗ
