2584 4022
516 318 555 364 os
576 317 712 366 tociens.
1035 309 1072 372 'll

147 459 295 541 prohibiti
308 459 341 522 hi
359 459 418 522 illis
433 464 539 539 erunt,
555 461 600 523 ita
611 467 647 524 ut
658 480 716 524 nec
730 463 839 528 contra
855 461 951 526 alium
964 464 1076 527 eadem

146 555 275 616 infamia
287 554 493 631 laborantem,
510 561 545 615 ut
558 555 645 616 testis
660 554 853 634 admittatur,
863 555 968 618 nisiin
982 575 1076 620 causa

147 647 310 709 ariminum
323 649 535 734 exceptorum,
546 651 600 710 aut
614 647 646 709 in
656 648 830 709 subsidium
843 649 994 728 veritatis,
1005 668 1075 732 quae

146 740 237 801 aliter
258 739 367 802 haberi
383 758 447 802 non
467 743 571 821 potest
584 740 640 820 (ita
653 745 759 802 tamen
773 745 809 804 ut
832 741 899 804 sine
912 743 1076 805 tormentis

146 833 338 896 credendum
351 833 413 895 illis
425 851 488 895 non
504 832 566 913 sit),
583 833 633 896 vel
647 834 740 896 famae
754 853 818 898 suae
836 835 879 897 sit
893 836 1074 914 restitutur,

147 931 201 990 aut
215 927 338 990 occulta
355 927 478 996 tantum
492 925 622 988 infamia
639 927 772 1005 laboret,
788 931 842 990 aut
855 927 984 990 infamia
1002 928 1076 993 lacti

146 1025 280 1098 tantum,
296 1019 349 1101 qui
362 1019 498 1101 ajudice
516 1038 554 1081 ex
567 1020 680 1098 officio,
696 1021 747 1083 vel
761 1023 850 1102 parts
865 1025 1042 1102 opponente
1057 1039 1078 1084 a
1116 1073 1117 1076 ,

147 1113 276 1175 ferendo
288 1111 466 1176 testimonio
481 1113 589 1192 repelli
600 1116 713 1193 potest.

187 1209 295 1287 Neque
310 1204 433 1277 admitti
449 1199 564 1267 debent
579 1206 620 1267 ad
633 1206 846 1270 testimonium
858 1205 1019 1289 injudicio
1032 1207 1047 1270 f
1062 1239 1078 1258 -

148 1299 282 1360 rendum
301 1297 461 1361 criminosi
473 1299 512 1360 de
524 1299 613 1378 gravi
630 1299 759 1360 crimine
773 1301 848 1380 ipsis
865 1300 988 1381 objecto
1003 1318 1079 1362 con-

147 1392 231 1454 victi.
248 1395 287 1454 nt
301 1392 445 1472 quamvis
456 1391 481 1454 si
495 1391 712 1471 poenitentiam
728 1393 827 1472 egerit
842 1394 882 1454 de
897 1393 1038 1472 crimine,
1047 1395 1078 1454 et

148 1486 188 1547 sit
198 1486 394 1562 emendatus,
410 1485 443 1545 in
459 1503 554 1546 eausa
569 1485 651 1546 eivili
661 1503 717 1565 pro
730 1489 809 1548 teste
826 1486 1009 1550 admittatur
1020 1485 1077 1546 cri-

148 1578 298 1657 minosus,
310 1578 338 1640 si
347 1577 433 1640 nulla
443 1576 523 1660 juris
533 1577 663 1640 infamia
675 1579 814 1654 laboret3
825 1578 851 1640 si
861 1581 968 1646 tamen
977 1579 1010 1640 in
1018 1579 1079 1641 cri-

148 1671 232 1732 mine
253 1673 447 1751 perseveret,
474 1690 532 1733 neo
552 1671 584 1732 in
611 1671 772 1749 civilibuS,
791 1675 825 1734 ut
842 1671 929 1734 testis
955 1671 1077 1735 admitti

149 1764 257 1842 debet,
274 1783 347 1826 cum
370 1782 433 1826 non
450 1764 490 1826 sit
502 1764 694 1826 credendum
709 1768 819 1828 contra
832 1764 910 1828 alios
928 1763 1006 1842 illis,
1024 1764 1077 1845 qui

149 1857 332 1920 criminibus
341 1857 551 1938 implicantur.
684 1922 687 1930 ,

187 1953 222 2012 ln
246 1949 458 2012 criminalibus
484 1969 559 2012 vero
587 1949 790 2013 criminaliter
815 1950 994 2028 intentatis,
1019 1967 1078 2012 nec

149 2043 333 2105 emendatus
351 2043 383 2104 in
397 2045 510 2105 testem
531 2043 722 2121 admittitur,
743 2044 803 2105 nisi
816 2032 887 2125 post
898 2044 1077 2124 publicam,

149 2154 219 2216 qua
245 2136 356 2197 saltem
378 2154 436 2215 per
454 2135 625 2210 triennium
647 2139 827 2200 constanter
846 2137 914 2218 jam
934 2137 1076 2215 duravit,

148 2227 364 2308 poenitentiam
379 2232 410 2290 et
424 2229 695 2306 emendationem,
711 2229 762 2290 vel
780 2229 805 2290 si
826 2229 1079 2308 adprobandum

149 2324 271 2382 tantum
283 2320 495 2384 innocentiam
507 2320 552 2382 rei
566 2320 777 2383 testimonium
789 2321 885 2396 ferat;
902 2321 988 2383 celsi
1005 2339 1078 2400 pars

148 2413 274 2492 litigans
299 2413 530 2475 adridendum
555 2417 648 2476 testes
672 2414 842 2493 productos
865 2413 943 2474 nihil
969 2419 1080 2476 eontra

151 2523 261 2568 eorum
283 2505 414 2568 crimina
435 2509 591 2587 opponat,
611 2525 714 2588 neque
730 2506 828 2588 judex
849 2525 888 2569 ex
905 2507 1007 2570 officio
1032 2525 1080 2568 re-

148 2600 256 2679 pellat,
273 2603 328 2662 aut
348 2601 516 2676 necessitas
537 2619 590 2662 eos
612 2600 776 2663 admittere
795 2601 920 2684 jubeat,
936 2601 1081 2684 quamvis

151 2693 183 2752 in
199 2693 283 2754 nullo
299 2693 412 2764 horum
424 2713 554 2758 casuum
570 2695 653 2756 omni
667 2696 848 2776 exceptione
858 2695 1005 2776 majores.

192 2785 325 2866 Perjuri,
339 2787 392 2867 qui
410 2788 524 2850 falsum
535 2786 714 2870 juramento
734 2791 969 2865 confirmarunt,
982 2787 1023 2848 ad
1036 2787 1082 2856 le,-

151 2879 287 2955 rendum
306 2881 520 2944 testimonium
533 2900 596 2942 non
612 2882 834 2959 admittuntur,
856 2901 914 2942 nec
931 2881 964 2942 in
986 2898 1082 2941 eausa

153 2971 246 3051 civili,
263 2991 321 3034 neo
336 2973 368 3033 in
383 2991 477 3035 causa
490 2973 664 3050 criminali,
682 2974 883 3054 quantumvis
897 2973 959 3035 sint
975 2990 1082 3032 emen-

153 3064 238 3146 dati,
264 3072 294 3128 et
314 3066 353 3128 de
377 3064 516 3148 perjurio
535 3065 753 3145 poenitentiam
775 3065 896 3146 egerint
913 3064 1008 3146 (quia,
1028 3063 1083 3144 qui

153 3158 250 3220 semel
264 3159 436 3239 pejoravit,
454 3158 731 3240 praesumptionem
748 3161 858 3220 eontra
878 3158 1021 3220 sehabet
1041 3156 1083 3218 ad

153 3251 327 3333 perjurium
341 3251 455 3315 iterum
470 3250 752 3331 committendum),
766 3251 810 3312 ita
824 3253 858 3313 ut
871 3251 965 3314 etiam
977 3251 1010 3312 in
1023 3250 1084 3312 eriss

153 3345 290 3406 minibus
313 3345 448 3426 exceptis
470 3345 588 3429 perjuri
608 3345 641 3407 in
663 3348 758 3407 testes
774 3363 836 3407 non
857 3345 1080 3424 admittantur,

156 3442 286 3517 excepto
308 3440 436 3500 crimine
460 3439 599 3518 haeresiS,
627 3439 659 3501 in
674 3457 752 3520 quo,
776 3439 809 3500 in
831 3440 973 3502 favorem
995 3439 1081 3518 fidei,

157 3530 252 3599 etiarn
267 3532 396 3620 perjuri,
414 3536 479 3597 tam
494 3538 604 3598 eontra
615 3535 659 3614 se,
672 3551 767 3616 quarn
781 3537 890 3598 contra
903 3534 1104 3618 complices*
