2578 4012
380 288 419 331 ns
441 287 580 334 sxrsnuo
601 289 752 336 accursus
767 281 878 335 ‘suoru
1037 277 1094 336 loo

167 432 241 490 sunt
253 433 361 490 contra
376 430 514 492 divinam
530 432 764 508 revelationem,
781 435 890 493 contra
905 431 1093 510 exigentiam

166 520 263 600 ipsius
274 522 391 584 ordinis
398 523 548 586 naturalis
557 524 589 584 iu
599 525 744 603 prasenti
755 523 961 586 Providentia
971 523 1091 599 ordine,

168 617 199 676 et
212 614 298 675 nulla
314 614 397 676 facta
415 616 597 695 exceptione
613 635 720 678 omncs
743 621 816 678 sunt
831 615 1001 694 illegitime
1021 634 1093 676 cum

168 706 276 772 officiis
291 707 408 768 ordinis
424 709 574 770 naturalis
587 728 649 770 non
661 709 850 786 cohaereant,
867 712 931 770 Deo
941 708 1091 784 odibiles,

166 799 346 861 homiuibus
358 801 517 863 damnosae
532 805 622 879 sunt,
637 821 695 864 nec
709 803 772 864 ullo
788 820 928 883 uuquam
942 805 1034 881 pacto
1049 802 1094 861 le-

167 891 302 970 gitimari
316 897 459 973 possunt.

206 987 238 1044 2⁰
259 986 385 1046 Nullum
396 985 448 1066 jus
468 986 585 1048 habent
603 990 638 1049 ut
652 988 691 1048 ab
710 987 849 1049 Ecclesia
871 987 1025 1049 catholica
1044 1004 1094 1046 re-

168 1081 407 1156 cognoscantur,
422 1079 517 1140 immo
528 1098 586 1140 nec
595 1084 698 1160 potest
706 1080 846 1141 Ecclesia
860 1080 919 1141 hoc
929 1082 1090 1158 praestare,

167 1170 255 1231 salva
268 1189 325 1231 sua
339 1171 542 1249 institutione,
556 1172 783 1234 immodebent
793 1173 833 1234 ab
847 1171 986 1234 Ecclesia
1000 1189 1038 1230 ex
1051 1171 1094 1230 of-

166 1262 237 1322 ficio
251 1261 439 1342 impugnari,
457 1264 599 1343 convelli,
616 1265 816 1325 exterminari
830 1265 856 1325 si
871 1263 989 1342 possint
999 1283 1006 1334 ;
1017 1263 1093 1340 ipse
1148 1329 1152 1338 ,

167 1372 242 1415 vero
257 1355 449 1434 iniquissime
470 1355 589 1419 iaciunt
610 1358 735 1436 quando
750 1357 911 1418 catholicae
932 1356 1006 1416 fidei
1020 1355 1095 1415 doc-

167 1445 300 1523 trinam,
316 1449 575 1528 propagationem
590 1449 786 1531 impugnant,
806 1448 857 1509 vel
873 1448 1019 1510 Ecclesia
1036 1446 1095 1507 im-

169 1537 255 1616 perio
265 1539 423 1602 resistunt.

535 1662 669 1728 CAPUT,
685 1663 723 1724 ll.

362 1807 552 1854 nemorosus>
569 1811 608 1854 ns
629 1810 703 1854 sunu
724 1808 897 1854 succurris.

208 1923 231 1984 l.
255 1925 339 1986 Inter
357 1930 457 1986 sectas
481 1925 671 1987 acatholicos
692 1924 838 2004 distingui
864 1923 980 1984 dehent
1002 1925 1094 1982 sectae

170 2013 345 2077 christianae
360 2035 381 2077 a
404 2036 466 2080 non
485 2017 682 2094 christianis,
705 2016 940 2078 communiones
957 2012 1095 2094 baptisa-

168 2111 273 2167 torum
287 2125 307 2167 e
320 2109 412 2170 sectis
429 2109 611 2172 infidelium.
624 2108 720 2170 Primi
735 2109 859 2188 generis
880 2113 985 2167 essent
1002 2109 1095 2168 sectae

170 2197 440 2262 schismaticorum
469 2203 518 2264 vel
550 2202 787 2274 haereticorum
813 2197 942 2260 secundi
972 2197 1095 2277 generis

171 2295 273 2352 essent
296 2295 387 2354 sectae
415 2295 639 2371 Habreorum,
663 2310 880 2373 paganorum,
901 2290 1096 2352 Mahomcta-

170 2399 293 2446 norum.

209 2477 358 2556 Magnum
379 2480 469 2541 adest
489 2476 571 2541 inter
587 2482 755 2559 utrumque
772 2496 880 2539 casum
899 2476 1065 2539 discrimen
1083 2495 1092 2548 ς

170 2567 214 2629 illi
229 2569 311 2630 enim
327 2590 385 2651 per
399 2572 602 2650 baptismum.
614 2572 786 2640 Ecclesiam
804 2570 936 2651 ingressi
952 2573 1024 2631 sunt
1039 2615 1047 2646 ,
1064 2571 1095 2630 et

171 2679 243 2722 cum
256 2680 313 2741 per
328 2663 463 2725 schisma
477 2668 531 2726 aut
549 2664 693 2727 haeresim
707 2663 921 2726 characterem
936 2659 1094 2724 christiani

171 2772 234 2816 non
260 2756 443 2833 amiserint,
474 2758 578 2819 adhuc
599 2761 681 2820 sunt.
693 2756 809 2820 subditi
831 2753 1023 2818 auctoritatis
1047 2770 1095 2814 ec·

172 2846 362 2910 clesiasticae.
382 2851 498 2912 Contra
515 2868 590 2912 vero
608 2850 671 2927 alii,
694 2849 751 2912 etsi
775 2848 953 2927 obligentur
974 2844 1097 2925 ingredi

172 2939 354 3017 Ecclesiam,
368 2946 475 3003 tamen
496 2943 536 3002 ad
560 2959 630 3002 cam
642 2959 704 3003 nou
717 2941 873 3021 pertinent
886 2938 1023 3015 omnino,
1039 2936 1095 2999 sed

170 3031 327 3095 forissunt
339 3034 507 3097 constituti.
524 3034 633 3098 Unde:

536 3167 692 3228 Ttecrcmc
712 3168 736 3227 l.

210 3299 249 3359 ll.
272 3297 443 3360 Ecclesiasc
454 3298 589 3361 lobetod
597 3296 955 3372 scotossctismotc'comm,
967 3296 1096 3360 cttoere-

171 3389 404 3468 acclamatorio
416 3401 510 3454 mater
521 3392 562 3454 od
573 3391 650 3475 filios
664 3390 800 3453 indociles
818 3397 850 3453 et·
862 3389 992 3452 discolos·
1001 3398 1030 3453 ct
1052 3390 1101 3452 io·-

172 3482 362 3564 com'qibilco,
376 3503 446 3567 quos
459 3505 474 3548 c
487 3486 570 3548 domo
583 3505 636 3548 suo
649 3484 805 3566 ecpukrit.
941 3490 943 3495 '
