<?xml version="1.0" encoding="UTF-8"?>
<!DOCTYPE html PUBLIC "-//W3C//DTD XHTML 1.0 Transitional//EN"
    "http://www.w3.org/TR/xhtml1/DTD/xhtml1-transitional.dtd">
<html xmlns="http://www.w3.org/1999/xhtml" xml:lang="en" lang="en">
 <head>
  <title>
</title>
<meta http-equiv="Content-Type" content="text/html;charset=utf-8" />
  <meta name='ocr-system' content='tesseract 3.04.00' />
  <meta name='ocr-capabilities' content='ocr_page ocr_carea ocr_par ocr_line ocrx_word'/>
</head>
<body>
  <div class='ocr_page' id='page_1' title='image "./institutionesju01marigoog_0256.png"; bbox 0 0 2578 4012; ppageno 0'>
   <div class='ocr_carea' id='block_1_1' title="bbox 400 235 1106 302">
    <p class='ocr_par' dir='ltr' id='par_1_1' title="bbox 400 235 1106 302">
     <span class='ocr_line' id='line_1_1' title="bbox 400 235 1106 302; baseline 0.014 -10"><span class='ocrx_word' id='word_1_1' title='bbox 400 246 437 293; x_wconf 83' lang='lat' dir='ltr'><strong>nn</strong></span> <span class='ocrx_word' id='word_1_2' title='bbox 459 250 649 298; x_wconf 75' lang='lat' dir='ltr'><strong>nrarrncnrn</strong></span> <span class='ocrx_word' id='word_1_3' title='bbox 671 249 863 298; x_wconf 68' lang='lat' dir='ltr'><strong>arcessere.</strong></span> <span class='ocrx_word' id='word_1_4' title='bbox 1038 235 1106 302; x_wconf 68' lang='lat' dir='ltr'><strong>aba.</strong></span> 
     </span>
    </p>
   </div>
   <div class='ocr_carea' id='block_1_2' title="bbox 82 392 1156 3530">
    <p class='ocr_par' dir='ltr' id='par_1_2' title="bbox 166 392 1097 550">
     <span class='ocr_line' id='line_1_2' title="bbox 167 392 1097 476; baseline -0.002 -20"><span class='ocrx_word' id='word_1_5' title='bbox 167 393 338 474; x_wconf 77' lang='lat' dir='ltr'><strong>pastoralia</strong></span> <span class='ocrx_word' id='word_1_6' title='bbox 351 395 557 472; x_wconf 78' lang='lat' dir='ltr'>personaliter</span> <span class='ocrx_word' id='word_1_7' title='bbox 572 402 723 476; x_wconf 79' lang='lat' dir='ltr'><strong>praestare</strong></span> <span class='ocrx_word' id='word_1_8' title='bbox 745 413 809 456; x_wconf 90' lang='lat' dir='ltr'><strong>non</strong></span> <span class='ocrx_word' id='word_1_9' title='bbox 829 392 1023 456; x_wconf 75' lang='lat' dir='ltr'><strong>intermittat.</strong></span> <span class='ocrx_word' id='word_1_10' title='bbox 1049 395 1097 456; x_wconf 89' lang='lat' dir='ltr'><strong>Ita</strong></span> 
     </span>
     <span class='ocr_line' id='line_1_3' title="bbox 166 485 1016 550; baseline 0.005 -3"><span class='ocrx_word' id='word_1_11' title='bbox 166 486 307 547; x_wconf 87' lang='lat' dir='ltr'><strong>Barbosa</strong></span> <span class='ocrx_word' id='word_1_12' title='bbox 321 489 352 547; x_wconf 92' lang='lat' dir='ltr'><strong>et</strong></span> <span class='ocrx_word' id='word_1_13' title='bbox 366 487 573 549; x_wconf 89' lang='lat' dir='ltr'><strong>communiter</strong></span> <span class='ocrx_word' id='word_1_14' title='bbox 584 491 737 550; x_wconf 80' lang='lat' dir='ltr'><strong>auctores</strong></span> <span class='ocrx_word' id='word_1_15' title='bbox 1014 485 1016 490; x_wconf 75' lang='grc'><strong>’</strong></span> 
     </span>
    </p>

    <p class='ocr_par' dir='ltr' id='par_1_3' title="bbox 161 579 1156 1751">
     <span class='ocr_line' id='line_1_4' title="bbox 206 579 1092 660; baseline 0.002 -21"><span class='ocrx_word' id='word_1_16' title='bbox 206 579 1092 660; x_wconf 83' lang='lat' dir='ltr'><strong>3⁰Perochinonpossuntahesseasuisparochiis,neque</strong></span> 
     </span>
     <span class='ocr_line' id='line_1_5' title="bbox 165 670 1156 752; baseline 0.005 -22"><span class='ocrx_word' id='word_1_17' title='bbox 165 689 222 750; x_wconf 89' lang='lat' dir='ltr'><strong>per</strong></span> <span class='ocrx_word' id='word_1_18' title='bbox 236 671 305 735; x_wconf 90' lang='lat' dir='ltr'><strong>illos</strong></span> <span class='ocrx_word' id='word_1_19' title='bbox 319 670 398 732; x_wconf 91' lang='lat' dir='ltr'><strong>duos</strong></span> <span class='ocrx_word' id='word_1_20' title='bbox 413 690 537 733; x_wconf 89' lang='lat' dir='ltr'><strong>menses</strong></span> <span class='ocrx_word' id='word_1_21' title='bbox 558 691 636 752; x_wconf 89' lang='lat' dir='ltr'><strong>quos</strong></span> <span class='ocrx_word' id='word_1_22' title='bbox 659 673 812 734; x_wconf 80' lang='lat' dir='ltr'><strong>concessit</strong></span> <span class='ocrx_word' id='word_1_23' title='bbox 833 692 921 734; x_wconf 88' lang='lat' dir='ltr'><strong>conc.</strong></span> <span class='ocrx_word' id='word_1_24' title='bbox 939 672 1094 734; x_wconf 79' lang='lat' dir='ltr'><strong>Tridenti-</strong></span> <span class='ocrx_word' id='word_1_25' title='bbox 1154 707 1156 712; x_wconf 95' lang='lat'>·</span> 
     </span>
     <span class='ocr_line' id='line_1_6' title="bbox 166 764 1093 845; baseline 0.001 -21"><span class='ocrx_word' id='word_1_26' title='bbox 166 782 242 825; x_wconf 90' lang='lat' dir='ltr'><strong>uum</strong></span> <span class='ocrx_word' id='word_1_27' title='bbox 261 764 304 842; x_wconf 90' lang='lat' dir='ltr'><strong>(S.</strong></span> <span class='ocrx_word' id='word_1_28' title='bbox 329 766 362 825; x_wconf 87' lang='lat' dir='ltr'><strong>G.</strong></span> <span class='ocrx_word' id='word_1_29' title='bbox 384 766 417 826; x_wconf 84' lang='lat' dir='ltr'><strong>G.</strong></span> <span class='ocrx_word' id='word_1_30' title='bbox 441 765 503 827; x_wconf 90' lang='lat' dir='ltr'><strong>feb.</strong></span> <span class='ocrx_word' id='word_1_31' title='bbox 521 765 622 844; x_wconf 77' lang='lat'><strong>1573),</strong></span> <span class='ocrx_word' id='word_1_32' title='bbox 639 765 702 827; x_wconf 88' lang='lat' dir='ltr'><strong>imo</strong></span> <span class='ocrx_word' id='word_1_33' title='bbox 718 784 776 826; x_wconf 91' lang='lat' dir='ltr'><strong>uec</strong></span> <span class='ocrx_word' id='word_1_34' title='bbox 790 784 847 845; x_wconf 88' lang='lat' dir='ltr'><strong>per</strong></span> <span class='ocrx_word' id='word_1_35' title='bbox 861 764 1093 826; x_wconf 83' lang='lat' dir='ltr'>hebdomadam</span> 
     </span>
     <span class='ocr_line' id='line_1_7' title="bbox 166 856 1093 938; baseline 0.002 -22"><span class='ocrx_word' id='word_1_36' title='bbox 166 856 284 934; x_wconf 83' lang='lat' dir='ltr'><strong>absque</strong></span> <span class='ocrx_word' id='word_1_37' title='bbox 296 857 421 918; x_wconf 90' lang='lat' dir='ltr'><strong>licentia</strong></span> <span class='ocrx_word' id='word_1_38' title='bbox 432 857 585 937; x_wconf 88' lang='lat' dir='ltr'><strong>episcopi,</strong></span> <span class='ocrx_word' id='word_1_39' title='bbox 608 877 677 938; x_wconf 82' lang='lat' dir='ltr'><strong>quae</strong></span> <span class='ocrx_word' id='word_1_40' title='bbox 696 859 728 918; x_wconf 89' lang='lat' dir='ltr'><strong>in</strong></span> <span class='ocrx_word' id='word_1_41' title='bbox 748 859 871 937; x_wconf 88' lang='lat' dir='ltr'><strong>scriptis</strong></span> <span class='ocrx_word' id='word_1_42' title='bbox 892 857 1093 919; x_wconf 90' lang='lat' dir='ltr'><strong>concedenda</strong></span> 
     </span>
     <span class='ocr_line' id='line_1_8' title="bbox 166 949 1090 1030; baseline 0.003 -23"><span class='ocrx_word' id='word_1_43' title='bbox 166 952 222 1008; x_wconf 88' lang='lat' dir='ltr'><strong>est.</strong></span> <span class='ocrx_word' id='word_1_44' title='bbox 242 949 285 1027; x_wconf 83' lang='lat' dir='ltr'><strong>(S.</strong></span> <span class='ocrx_word' id='word_1_45' title='bbox 299 951 396 1028; x_wconf 84' lang='lat' dir='ltr'><strong>Gong.</strong></span> <span class='ocrx_word' id='word_1_46' title='bbox 408 968 510 1027; x_wconf 79' lang='lat' dir='ltr'><strong>cona,</strong></span> <span class='ocrx_word' id='word_1_47' title='bbox 522 951 605 1030; x_wconf 87' lang='lat' dir='ltr'><strong>apud</strong></span> <span class='ocrx_word' id='word_1_48' title='bbox 616 951 824 1030; x_wconf 83' lang='lat' dir='ltr'><strong>Fagnanum.)</strong></span> <span class='ocrx_word' id='word_1_49' title='bbox 833 951 978 1012; x_wconf 92' lang='lat' dir='ltr'><strong>Nonnulli</strong></span> <span class='ocrx_word' id='word_1_50' title='bbox 986 956 1090 1012; x_wconf 89' lang='lat' dir='ltr'><strong>tamen</strong></span> 
     </span>
     <span class='ocr_line' id='line_1_9' title="bbox 164 1041 1093 1105; baseline 0.002 -5"><span class='ocrx_word' id='word_1_51' title='bbox 164 1046 307 1102; x_wconf 79' lang='lat' dir='ltr'><strong>auctores</strong></span> <span class='ocrx_word' id='word_1_52' title='bbox 321 1044 428 1103; x_wconf 88' lang='lat' dir='ltr'><strong>tenent</strong></span> <span class='ocrx_word' id='word_1_53' title='bbox 439 1041 471 1101; x_wconf 90' lang='lat' dir='ltr'><strong>in</strong></span> <span class='ocrx_word' id='word_1_54' title='bbox 486 1042 608 1104; x_wconf 92' lang='lat' dir='ltr'><strong>duobus</strong></span> <span class='ocrx_word' id='word_1_55' title='bbox 622 1044 780 1105; x_wconf 89' lang='lat' dir='ltr'><strong>mensibus</strong></span> <span class='ocrx_word' id='word_1_56' title='bbox 792 1063 811 1104; x_wconf 89' lang='lat' dir='ltr'><strong>e</strong></span> <span class='ocrx_word' id='word_1_57' title='bbox 823 1043 954 1104; x_wconf 88' lang='lat' dir='ltr'><strong>concilio</strong></span> <span class='ocrx_word' id='word_1_58' title='bbox 968 1061 1093 1104; x_wconf 90' lang='lat' dir='ltr'><strong>conces-</strong></span> 
     </span>
     <span class='ocr_line' id='line_1_10' title="bbox 163 1134 1094 1215; baseline 0.002 -22"><span class='ocrx_word' id='word_1_59' title='bbox 163 1134 204 1194; x_wconf 89' lang='lat' dir='ltr'><strong>sis</strong></span> <span class='ocrx_word' id='word_1_60' title='bbox 216 1153 307 1213; x_wconf 89' lang='lat' dir='ltr'><strong>posse</strong></span> <span class='ocrx_word' id='word_1_61' title='bbox 322 1135 496 1213; x_wconf 91' lang='lat' dir='ltr'><strong>parochum</strong></span> <span class='ocrx_word' id='word_1_62' title='bbox 511 1155 546 1196; x_wconf 86' lang='lat' dir='ltr'><strong>ex</strong></span> <span class='ocrx_word' id='word_1_63' title='bbox 554 1135 746 1215; x_wconf 83' lang='lat' dir='ltr'><strong>justacausa</strong></span> <span class='ocrx_word' id='word_1_64' title='bbox 765 1137 874 1198; x_wconf 89' lang='lat' dir='ltr'><strong>abesse</strong></span> <span class='ocrx_word' id='word_1_65' title='bbox 889 1137 954 1196; x_wconf 89' lang='lat' dir='ltr'><strong>sive</strong></span> <span class='ocrx_word' id='word_1_66' title='bbox 967 1135 1094 1196; x_wconf 86' lang='lat' dir='ltr'><strong>licentia</strong></span> 
     </span>
     <span class='ocr_line' id='line_1_11' title="bbox 163 1226 1090 1312; baseline 0.003 -27"><span class='ocrx_word' id='word_1_67' title='bbox 163 1226 311 1305; x_wconf 81' lang='lat' dir='ltr'><strong>episcopi,</strong></span> <span class='ocrx_word' id='word_1_68' title='bbox 327 1227 411 1306; x_wconf 93' lang='lat' dir='ltr'><strong>quod</strong></span> <span class='ocrx_word' id='word_1_69' title='bbox 425 1231 531 1289; x_wconf 90' lang='lat' dir='ltr'><strong>tamen</strong></span> <span class='ocrx_word' id='word_1_70' title='bbox 547 1247 629 1289; x_wconf 93' lang='lat' dir='ltr'><strong>nunc</strong></span> <span class='ocrx_word' id='word_1_71' title='bbox 644 1229 778 1308; x_wconf 86' lang='lat' dir='ltr'><strong>amplius</strong></span> <span class='ocrx_word' id='word_1_72' title='bbox 800 1228 945 1290; x_wconf 89' lang='lat' dir='ltr'><strong>sustineri</strong></span> <span class='ocrx_word' id='word_1_73' title='bbox 966 1227 1090 1312; x_wconf 78' lang='lat' dir='ltr'><strong>nequii,</strong></span> 
     </span>
     <span class='ocr_line' id='line_1_12' title="bbox 162 1319 1092 1401; baseline 0.002 -23"><span class='ocrx_word' id='word_1_74' title='bbox 162 1325 291 1397; x_wconf 88' lang='lat' dir='ltr'><strong>propter</strong></span> <span class='ocrx_word' id='word_1_75' title='bbox 303 1319 406 1380; x_wconf 87' lang='lat' dir='ltr'><strong>varias</strong></span> <span class='ocrx_word' id='word_1_76' title='bbox 428 1321 654 1382; x_wconf 84' lang='lat' dir='ltr'><strong>declarationes</strong></span> <span class='ocrx_word' id='word_1_77' title='bbox 670 1323 701 1383; x_wconf 88' lang='lat' dir='ltr'><strong>S.</strong></span> <span class='ocrx_word' id='word_1_78' title='bbox 719 1323 829 1401; x_wconf 66' lang='lat' dir='ltr'><strong>doeg„</strong></span> <span class='ocrx_word' id='word_1_79' title='bbox 857 1339 934 1400; x_wconf 89' lang='lat' dir='ltr'><strong>quas</strong></span> <span class='ocrx_word' id='word_1_80' title='bbox 950 1322 1092 1380; x_wconf 88' lang='lat' dir='ltr'><strong>auctores</strong></span> 
     </span>
     <span class='ocr_line' id='line_1_13' title="bbox 163 1413 1091 1492; baseline -0.001 -21"><span class='ocrx_word' id='word_1_81' title='bbox 163 1413 297 1472; x_wconf 81' lang='lat' dir='ltr'><strong>afferunt</strong></span> <span class='ocrx_word' id='word_1_82' title='bbox 312 1457 319 1488; x_wconf 87' lang='lat'>‚</span> <span class='ocrx_word' id='word_1_83' title='bbox 337 1413 511 1491; x_wconf 79' lang='lat' dir='ltr'><strong>praesertim</strong></span> <span class='ocrx_word' id='word_1_84' title='bbox 526 1415 712 1492; x_wconf 70' lang='lat' dir='ltr'><strong>raguenus,</strong></span> <span class='ocrx_word' id='word_1_85' title='bbox 725 1413 778 1492; x_wconf 91' lang='lat' dir='ltr'><strong>qui</strong></span> <span class='ocrx_word' id='word_1_86' title='bbox 798 1414 893 1475; x_wconf 87' lang='lat' dir='ltr'><strong>etiam</strong></span> <span class='ocrx_word' id='word_1_87' title='bbox 918 1413 1011 1474; x_wconf 89' lang='lat' dir='ltr'><strong>docet</strong></span> <span class='ocrx_word' id='word_1_88' title='bbox 1029 1429 1091 1472; x_wconf 93' lang='lat' dir='ltr'><strong>non</strong></span> 
     </span>
     <span class='ocr_line' id='line_1_14' title="bbox 162 1503 1092 1585; baseline 0.001 -22"><span class='ocrx_word' id='word_1_89' title='bbox 162 1503 306 1564; x_wconf 85' lang='lat' dir='ltr'><strong>sufficere</strong></span> <span class='ocrx_word' id='word_1_90' title='bbox 318 1505 477 1566; x_wconf 87' lang='lat' dir='ltr'><strong>licentiam</strong></span> <span class='ocrx_word' id='word_1_91' title='bbox 491 1506 632 1584; x_wconf 86' lang='lat' dir='ltr'><strong>petitam,</strong></span> <span class='ocrx_word' id='word_1_92' title='bbox 644 1505 700 1566; x_wconf 92' lang='lat' dir='ltr'><strong>sed</strong></span> <span class='ocrx_word' id='word_1_93' title='bbox 714 1506 830 1585; x_wconf 87' lang='lat' dir='ltr'><strong>requiri</strong></span> <span class='ocrx_word' id='word_1_94' title='bbox 841 1506 1001 1567; x_wconf 87' lang='lat' dir='ltr'><strong>obtentam</strong></span> <span class='ocrx_word' id='word_1_95' title='bbox 1016 1507 1048 1565; x_wconf 90' lang='lat' dir='ltr'><strong>ct</strong></span> <span class='ocrx_word' id='word_1_96' title='bbox 1059 1504 1092 1564; x_wconf 90' lang='lat' dir='ltr'><strong>in</strong></span> 
     </span>
     <span class='ocr_line' id='line_1_15' title="bbox 161 1595 1089 1678; baseline 0.001 -23"><span class='ocrx_word' id='word_1_97' title='bbox 161 1595 283 1674; x_wconf 90' lang='lat' dir='ltr'><strong>scriptis</strong></span> <span class='ocrx_word' id='word_1_98' title='bbox 295 1597 421 1670; x_wconf 81' lang='lat' dir='ltr'><strong>datam3</strong></span> <span class='ocrx_word' id='word_1_99' title='bbox 439 1599 603 1678; x_wconf 90' lang='lat' dir='ltr'><strong>episcopus</strong></span> <span class='ocrx_word' id='word_1_100' title='bbox 621 1602 727 1660; x_wconf 87' lang='lat' dir='ltr'><strong>tamen</strong></span> <span class='ocrx_word' id='word_1_101' title='bbox 747 1617 817 1660; x_wconf 89' lang='lat' dir='ltr'><strong>eam</strong></span> <span class='ocrx_word' id='word_1_102' title='bbox 839 1598 948 1678; x_wconf 85' lang='lat' dir='ltr'><strong>negari</strong></span> <span class='ocrx_word' id='word_1_103' title='bbox 970 1597 1089 1676; x_wconf 88' lang='lat' dir='ltr'><strong>nequit,</strong></span> 
     </span>
     <span class='ocr_line' id='line_1_16' title="bbox 161 1687 529 1751; baseline 0.005 -2"><span class='ocrx_word' id='word_1_104' title='bbox 161 1687 227 1749; x_wconf 90' lang='lat' dir='ltr'><strong>sine</strong></span> <span class='ocrx_word' id='word_1_105' title='bbox 238 1689 416 1751; x_wconf 87' lang='lat' dir='ltr'><strong>rationabili</strong></span> <span class='ocrx_word' id='word_1_106' title='bbox 424 1709 529 1751; x_wconf 88' lang='lat' dir='ltr'><strong>causa.</strong></span> 
     </span>
    </p>

    <p class='ocr_par' dir='ltr' id='par_1_4' title="bbox 158 1779 1090 2326">
     <span class='ocr_line' id='line_1_17' title="bbox 199 1779 1090 1862; baseline -0.001 -21"><span class='ocrx_word' id='word_1_107' title='bbox 199 1785 231 1841; x_wconf 71' lang='lat'><strong>4⁰</strong></span> <span class='ocrx_word' id='word_1_108' title='bbox 254 1782 445 1843; x_wconf 88' lang='lat' dir='ltr'><strong>Occurrente</strong></span> <span class='ocrx_word' id='word_1_109' title='bbox 465 1786 572 1844; x_wconf 91' lang='lat' dir='ltr'><strong>tamen</strong></span> <span class='ocrx_word' id='word_1_110' title='bbox 592 1801 688 1844; x_wconf 89' lang='lat' dir='ltr'><strong>eausa</strong></span> <span class='ocrx_word' id='word_1_111' title='bbox 703 1785 835 1862; x_wconf 83' lang='lat' dir='ltr'><strong>urgente</strong></span> <span class='ocrx_word' id='word_1_112' title='bbox 859 1781 961 1844; x_wconf 90' lang='lat' dir='ltr'><strong>subito</strong></span> <span class='ocrx_word' id='word_1_113' title='bbox 981 1779 1090 1844; x_wconf 87' lang='lat' dir='ltr'><strong>absce-</strong></span> 
     </span>
     <span class='ocr_line' id='line_1_18' title="bbox 160 1871 1089 1952; baseline 0.001 -19"><span class='ocrx_word' id='word_1_114' title='bbox 160 1871 265 1949; x_wconf 87' lang='lat' dir='ltr'><strong>dendi,</strong></span> <span class='ocrx_word' id='word_1_115' title='bbox 283 1877 385 1952; x_wconf 90' lang='lat' dir='ltr'><strong>potest</strong></span> <span class='ocrx_word' id='word_1_116' title='bbox 397 1875 565 1952; x_wconf 86' lang='lat' dir='ltr'><strong>parochus,</strong></span> <span class='ocrx_word' id='word_1_117' title='bbox 580 1875 687 1936; x_wconf 90' lang='lat' dir='ltr'><strong>relicto</strong></span> <span class='ocrx_word' id='word_1_118' title='bbox 702 1875 818 1938; x_wconf 89' lang='lat' dir='ltr'><strong>vicario</strong></span> <span class='ocrx_word' id='word_1_119' title='bbox 838 1875 964 1951; x_wconf 89' lang='lat' dir='ltr'><strong>idoneo,</strong></span> <span class='ocrx_word' id='word_1_120' title='bbox 990 1875 1089 1934; x_wconf 91' lang='lat' dir='ltr'><strong>disce-</strong></span> 
     </span>
     <span class='ocr_line' id='line_1_19' title="bbox 159 1965 1088 2049; baseline 0 -22"><span class='ocrx_word' id='word_1_121' title='bbox 159 1966 234 2027; x_wconf 88' lang='lat' dir='ltr'><strong>dere</strong></span> <span class='ocrx_word' id='word_1_122' title='bbox 244 1967 309 2026; x_wconf 90' lang='lat' dir='ltr'><strong>sine</strong></span> <span class='ocrx_word' id='word_1_123' title='bbox 324 1967 499 2044; x_wconf 86' lang='lat' dir='ltr'><strong>praehabita</strong></span> <span class='ocrx_word' id='word_1_124' title='bbox 517 1967 658 2042; x_wconf 82' lang='lat' dir='ltr'><strong>licentia3</strong></span> <span class='ocrx_word' id='word_1_125' title='bbox 673 1968 729 2028; x_wconf 91' lang='lat' dir='ltr'><strong>sed</strong></span> <span class='ocrx_word' id='word_1_126' title='bbox 747 1967 841 2028; x_wconf 88' lang='lat' dir='ltr'><strong>debet</strong></span> <span class='ocrx_word' id='word_1_127' title='bbox 855 1965 1088 2049; x_wconf 87' lang='lat' dir='ltr'><strong>quamprimum</strong></span> 
     </span>
     <span class='ocr_line' id='line_1_20' title="bbox 158 2059 1087 2141; baseline 0.001 -22"><span class='ocrx_word' id='word_1_128' title='bbox 158 2077 251 2119; x_wconf 91' lang='lat' dir='ltr'><strong>suum</strong></span> <span class='ocrx_word' id='word_1_129' title='bbox 270 2059 442 2120; x_wconf 87' lang='lat' dir='ltr'><strong>discessum</strong></span> <span class='ocrx_word' id='word_1_130' title='bbox 462 2061 610 2141; x_wconf 88' lang='lat' dir='ltr'><strong>episeopo</strong></span> <span class='ocrx_word' id='word_1_131' title='bbox 633 2065 743 2122; x_wconf 90' lang='lat' dir='ltr'><strong>notum</strong></span> <span class='ocrx_word' id='word_1_132' title='bbox 766 2061 888 2136; x_wconf 85' lang='lat' dir='ltr'><strong>facere,</strong></span> <span class='ocrx_word' id='word_1_133' title='bbox 910 2062 941 2120; x_wconf 88' lang='lat' dir='ltr'><strong>et</strong></span> <span class='ocrx_word' id='word_1_134' title='bbox 960 2077 1087 2120; x_wconf 91' lang='lat' dir='ltr'><strong>causam</strong></span> 
     </span>
     <span class='ocr_line' id='line_1_21' title="bbox 158 2151 1087 2232; baseline 0 -22"><span class='ocrx_word' id='word_1_135' title='bbox 158 2151 251 2231; x_wconf 85' lang='lat' dir='ltr'><strong>hujus</strong></span> <span class='ocrx_word' id='word_1_136' title='bbox 267 2152 421 2214; x_wconf 89' lang='lat' dir='ltr'><strong>discessus</strong></span> <span class='ocrx_word' id='word_1_137' title='bbox 436 2153 607 2230; x_wconf 88' lang='lat' dir='ltr'><strong>declarare,</strong></span> <span class='ocrx_word' id='word_1_138' title='bbox 622 2156 657 2214; x_wconf 94' lang='lat' dir='ltr'><strong>ut</strong></span> <span class='ocrx_word' id='word_1_139' title='bbox 671 2153 835 2232; x_wconf 89' lang='lat' dir='ltr'><strong>episcopus</strong></span> <span class='ocrx_word' id='word_1_140' title='bbox 846 2151 1005 2212; x_wconf 87' lang='lat' dir='ltr'><strong>licentiam</strong></span> <span class='ocrx_word' id='word_1_141' title='bbox 1015 2169 1087 2212; x_wconf 93' lang='lat' dir='ltr'><strong>con-</strong></span> 
     </span>
     <span class='ocr_line' id='line_1_22' title="bbox 158 2243 717 2326; baseline 0.004 -22"><span class='ocrx_word' id='word_1_142' title='bbox 158 2243 260 2306; x_wconf 87' lang='lat' dir='ltr'><strong>cedat.</strong></span> <span class='ocrx_word' id='word_1_143' title='bbox 279 2246 323 2325; x_wconf 87' lang='lat' dir='ltr'><strong>(S.</strong></span> <span class='ocrx_word' id='word_1_144' title='bbox 336 2247 433 2324; x_wconf 81' lang='lat' dir='ltr'><strong>(long.</strong></span> <span class='ocrx_word' id='word_1_145' title='bbox 452 2265 493 2322; x_wconf 87' lang='lat' dir='ltr'><strong>c.‚</strong></span> <span class='ocrx_word' id='word_1_146' title='bbox 510 2246 594 2326; x_wconf 91' lang='lat' dir='ltr'><strong>apud</strong></span> <span class='ocrx_word' id='word_1_147' title='bbox 613 2245 717 2324; x_wconf 84' lang='lat' dir='ltr'><strong>Garc.)</strong></span> 
     </span>
    </p>

    <p class='ocr_par' dir='ltr' id='par_1_5' title="bbox 82 2337 1133 2785">
     <span class='ocr_line' id='line_1_23' title="bbox 196 2337 1086 2418; baseline 0.001 -21"><span class='ocrx_word' id='word_1_148' title='bbox 196 2339 228 2397; x_wconf 80' lang='lat'><strong>5⁰</strong></span> <span class='ocrx_word' id='word_1_149' title='bbox 240 2339 346 2398; x_wconf 90' lang='lat' dir='ltr'><strong>Potest</strong></span> <span class='ocrx_word' id='word_1_150' title='bbox 359 2337 524 2417; x_wconf 88' lang='lat' dir='ltr'><strong>episcopus</strong></span> <span class='ocrx_word' id='word_1_151' title='bbox 533 2357 590 2417; x_wconf 89' lang='lat' dir='ltr'><strong>per</strong></span> <span class='ocrx_word' id='word_1_152' title='bbox 599 2339 737 2418; x_wconf 87' lang='lat' dir='ltr'><strong>aliquam</strong></span> <span class='ocrx_word' id='word_1_153' title='bbox 750 2337 1003 2399; x_wconf 88' lang='lat' dir='ltr'><strong>constitutionem</strong></span> <span class='ocrx_word' id='word_1_154' title='bbox 1015 2355 1086 2416; x_wconf 89' lang='lat' dir='ltr'><strong>pro·</strong></span> 
     </span>
     <span class='ocr_line' id='line_1_24' title="bbox 156 2429 1087 2511; baseline 0.005 -22"><span class='ocrx_word' id='word_1_155' title='bbox 156 2429 264 2490; x_wconf 85' lang='lat' dir='ltr'><strong>hibere</strong></span> <span class='ocrx_word' id='word_1_156' title='bbox 277 2447 315 2490; x_wconf 93' lang='lat' dir='ltr'><strong>ne</strong></span> <span class='ocrx_word' id='word_1_157' title='bbox 330 2431 487 2508; x_wconf 87' lang='lat' dir='ltr'><strong>parochus</strong></span> <span class='ocrx_word' id='word_1_158' title='bbox 502 2432 585 2492; x_wconf 90' lang='lat' dir='ltr'><strong>ultra</strong></span> <span class='ocrx_word' id='word_1_159' title='bbox 596 2431 675 2492; x_wconf 92' lang='lat' dir='ltr'><strong>duos</strong></span> <span class='ocrx_word' id='word_1_160' title='bbox 690 2431 756 2492; x_wconf 90' lang='lat' dir='ltr'><strong>dies</strong></span> <span class='ocrx_word' id='word_1_161' title='bbox 773 2431 883 2492; x_wconf 90' lang='lat' dir='ltr'><strong>abesse</strong></span> <span class='ocrx_word' id='word_1_162' title='bbox 901 2429 1000 2511; x_wconf 91' lang='lat' dir='ltr'><strong>possit</strong></span> <span class='ocrx_word' id='word_1_163' title='bbox 1018 2430 1087 2494; x_wconf 90' lang='lat' dir='ltr'><strong>sine.</strong></span> 
     </span>
     <span class='ocr_line' id='line_1_25' title="bbox 155 2521 1133 2606; baseline 0 -24"><span class='ocrx_word' id='word_1_164' title='bbox 155 2521 290 2584; x_wconf 91' lang='lat' dir='ltr'><strong>licentia.</strong></span> <span class='ocrx_word' id='word_1_165' title='bbox 311 2522 353 2602; x_wconf 91' lang='lat' dir='ltr'><strong>(S.</strong></span> <span class='ocrx_word' id='word_1_166' title='bbox 373 2525 468 2602; x_wconf 83' lang='lat' dir='ltr'><strong>Gong.</strong></span> <span class='ocrx_word' id='word_1_167' title='bbox 482 2541 584 2600; x_wconf 77' lang='lat' dir='ltr'><strong>cono,</strong></span> <span class='ocrx_word' id='word_1_168' title='bbox 597 2524 682 2603; x_wconf 86' lang='lat' dir='ltr'><strong>apud</strong></span> <span class='ocrx_word' id='word_1_169' title='bbox 693 2525 797 2606; x_wconf 81' lang='lat' dir='ltr'><strong>darc.)</strong></span> <span class='ocrx_word' id='word_1_170' title='bbox 814 2524 874 2586; x_wconf 90' lang='lat' dir='ltr'><strong>Sed</strong></span> <span class='ocrx_word' id='word_1_171' title='bbox 889 2523 941 2585; x_wconf 92' lang='lat' dir='ltr'><strong>ubi</strong></span> <span class='ocrx_word' id='word_1_172' title='bbox 957 2541 1019 2584; x_wconf 90' lang='lat' dir='ltr'><strong>non</strong></span> <span class='ocrx_word' id='word_1_173' title='bbox 1038 2525 1086 2582; x_wconf 89' lang='lat' dir='ltr'><strong>est</strong></span> <span class='ocrx_word' id='word_1_174' title='bbox 1131 2579 1133 2582; x_wconf 84' lang='lat'>.</span> 
     </span>
     <span class='ocr_line' id='line_1_26' title="bbox 82 2614 1085 2696; baseline -0.002 -20"><span class='ocrx_word' id='word_1_175' title='bbox 82 2659 93 2676; x_wconf 87' lang='lat'><em>.</em></span> <span class='ocrx_word' id='word_1_176' title='bbox 154 2614 225 2676; x_wconf 89' lang='lat' dir='ltr'><strong>talis</strong></span> <span class='ocrx_word' id='word_1_177' title='bbox 249 2615 439 2693; x_wconf 84' lang='lat' dir='ltr'><strong>constitutio,</strong></span> <span class='ocrx_word' id='word_1_178' title='bbox 462 2620 565 2695; x_wconf 88' lang='lat' dir='ltr'><strong>potest</strong></span> <span class='ocrx_word' id='word_1_179' title='bbox 587 2617 744 2696; x_wconf 88' lang='lat' dir='ltr'><strong>parochus</strong></span> <span class='ocrx_word' id='word_1_180' title='bbox 766 2635 918 2678; x_wconf 86' lang='lat' dir='ltr'><strong>excausa</strong></span> <span class='ocrx_word' id='word_1_181' title='bbox 944 2615 1085 2696; x_wconf 84' lang='lat' dir='ltr'><strong>legitima</strong></span> 
     </span>
     <span class='ocr_line' id='line_1_27' title="bbox 155 2708 730 2785; baseline 0.007 -17"><span class='ocrx_word' id='word_1_182' title='bbox 155 2708 276 2784; x_wconf 87' lang='lat' dir='ltr'><strong>abesse,</strong></span> <span class='ocrx_word' id='word_1_183' title='bbox 294 2708 388 2770; x_wconf 85' lang='lat' dir='ltr'><strong>etiam</strong></span> <span class='ocrx_word' id='word_1_184' title='bbox 403 2726 466 2769; x_wconf 90' lang='lat' dir='ltr'><strong>non</strong></span> <span class='ocrx_word' id='word_1_185' title='bbox 481 2708 578 2785; x_wconf 85' lang='lat' dir='ltr'><strong>pet&#39;ta</strong></span> <span class='ocrx_word' id='word_1_186' title='bbox 591 2709 730 2772; x_wconf 85' lang='lat' dir='ltr'><strong>licentia.</strong></span> 
     </span>
    </p>

    <p class='ocr_par' dir='ltr' id='par_1_6' title="bbox 90 2800 1085 3530">
     <span class='ocr_line' id='line_1_28' title="bbox 194 2800 1085 2880; baseline -0.001 -19"><span class='ocrx_word' id='word_1_187' title='bbox 194 2800 243 2861; x_wconf 85' lang='lat' dir='ltr'><strong>Ad</strong></span> <span class='ocrx_word' id='word_1_188' title='bbox 254 2800 384 2862; x_wconf 92' lang='lat' dir='ltr'><strong>dubium</strong></span> <span class='ocrx_word' id='word_1_189' title='bbox 402 2820 408 2861; x_wconf 93' lang='lat'><strong>:</strong></span> <span class='ocrx_word' id='word_1_190' title='bbox 431 2802 462 2860; x_wconf 80' lang='lat' dir='ltr'><strong>l⁰</strong></span> <span class='ocrx_word' id='word_1_191' title='bbox 479 2819 519 2860; x_wconf 92' lang='lat' dir='ltr'><strong>an</strong></span> <span class='ocrx_word' id='word_1_192' title='bbox 537 2801 694 2880; x_wconf 86' lang='lat' dir='ltr'><strong>parochus</strong></span> <span class='ocrx_word' id='word_1_193' title='bbox 713 2802 796 2864; x_wconf 75' lang='lat' dir='ltr'><strong>villae</strong></span> <span class='ocrx_word' id='word_1_194' title='bbox 819 2802 851 2862; x_wconf 91' lang='lat' dir='ltr'><strong>in</strong></span> <span class='ocrx_word' id='word_1_195' title='bbox 873 2820 936 2880; x_wconf 86' lang='lat' dir='ltr'><strong>qua</strong></span> <span class='ocrx_word' id='word_1_196' title='bbox 954 2819 1017 2862; x_wconf 93' lang='lat' dir='ltr'><strong>non</strong></span> <span class='ocrx_word' id='word_1_197' title='bbox 1037 2802 1085 2860; x_wconf 87' lang='lat' dir='ltr'><strong>est</strong></span> 
     </span>
     <span class='ocr_line' id='line_1_29' title="bbox 154 2891 1084 2972; baseline 0 -20"><span class='ocrx_word' id='word_1_198' title='bbox 154 2893 232 2953; x_wconf 85' lang='lat' dir='ltr'><strong>alius</strong></span> <span class='ocrx_word' id='word_1_199' title='bbox 246 2892 402 2969; x_wconf 86' lang='lat' dir='ltr'><strong>sacerdos,</strong></span> <span class='ocrx_word' id='word_1_200' title='bbox 415 2891 535 2954; x_wconf 88' lang='lat' dir='ltr'><strong>etiamsi</strong></span> <span class='ocrx_word' id='word_1_201' title='bbox 550 2895 653 2954; x_wconf 91' lang='lat' dir='ltr'><strong>nullus</strong></span> <span class='ocrx_word' id='word_1_202' title='bbox 667 2894 853 2970; x_wconf 83' lang='lat' dir='ltr'><strong>infirmetur,</strong></span> <span class='ocrx_word' id='word_1_203' title='bbox 865 2895 931 2954; x_wconf 89' lang='lat' dir='ltr'><strong>sine</strong></span> <span class='ocrx_word' id='word_1_204' title='bbox 945 2891 1084 2972; x_wconf 88' lang='lat' dir='ltr'><strong>episcopi</strong></span> 
     </span>
     <span class='ocr_line' id='line_1_30' title="bbox 152 2985 1080 3066; baseline 0.001 -21"><span class='ocrx_word' id='word_1_205' title='bbox 152 2985 277 3047; x_wconf 86' lang='lat' dir='ltr'><strong>licentia</strong></span> <span class='ocrx_word' id='word_1_206' title='bbox 291 2985 400 3047; x_wconf 87' lang='lat' dir='ltr'><strong>abesse</strong></span> <span class='ocrx_word' id='word_1_207' title='bbox 412 2985 510 3064; x_wconf 89' lang='lat' dir='ltr'><strong>possit</strong></span> <span class='ocrx_word' id='word_1_208' title='bbox 520 3004 539 3045; x_wconf 91' lang='lat' dir='ltr'><strong>a</strong></span> <span class='ocrx_word' id='word_1_209' title='bbox 550 2987 764 3066; x_wconf 86' lang='lat' dir='ltr'><strong>parochiaper</strong></span> <span class='ocrx_word' id='word_1_210' title='bbox 773 2987 852 3048; x_wconf 92' lang='lat' dir='ltr'><strong>duos</strong></span> <span class='ocrx_word' id='word_1_211' title='bbox 861 2987 911 3048; x_wconf 89' lang='lat' dir='ltr'><strong>vel</strong></span> <span class='ocrx_word' id='word_1_212' title='bbox 925 2990 989 3046; x_wconf 86' lang='lat' dir='ltr'><strong>tres</strong></span> <span class='ocrx_word' id='word_1_213' title='bbox 1002 2985 1080 3061; x_wconf 89' lang='lat' dir='ltr'><strong>dies,</strong></span> 
     </span>
     <span class='ocr_line' id='line_1_31' title="bbox 153 3078 1084 3158; baseline 0 -20"><span class='ocrx_word' id='word_1_214' title='bbox 153 3078 238 3138; x_wconf 91' lang='lat' dir='ltr'><strong>nullo</strong></span> <span class='ocrx_word' id='word_1_215' title='bbox 264 3078 376 3140; x_wconf 90' lang='lat' dir='ltr'><strong>idoneo</strong></span> <span class='ocrx_word' id='word_1_216' title='bbox 398 3078 506 3140; x_wconf 89' lang='lat' dir='ltr'><strong>relicto</strong></span> <span class='ocrx_word' id='word_1_217' title='bbox 533 3078 675 3140; x_wconf 82' lang='lat' dir='ltr'><strong>vicario?</strong></span> <span class='ocrx_word' id='word_1_218' title='bbox 700 3081 732 3141; x_wconf 91' lang='lat' dir='ltr'><strong>S.</strong></span> <span class='ocrx_word' id='word_1_219' title='bbox 758 3081 854 3158; x_wconf 81' lang='lat' dir='ltr'><strong>(long.</strong></span> <span class='ocrx_word' id='word_1_220' title='bbox 879 3097 906 3139; x_wconf 90' lang='lat' dir='ltr'><strong>c.</strong></span> <span class='ocrx_word' id='word_1_221' title='bbox 921 3078 1084 3157; x_wconf 86' lang='lat' dir='ltr'><strong>respoudit</strong></span> 
     </span>
     <span class='ocr_line' id='line_1_32' title="bbox 153 3170 1081 3251; baseline 0.001 -21"><span class='ocrx_word' id='word_1_222' title='bbox 153 3170 308 3250; x_wconf 82' lang='lat' dir='ltr'><strong>negative.</strong></span> <span class='ocrx_word' id='word_1_223' title='bbox 322 3207 360 3216; x_wconf 94' lang='lat'>—</span> <span class='ocrx_word' id='word_1_224' title='bbox 370 3177 402 3232; x_wconf 77' lang='lat'><strong>2⁰</strong></span> <span class='ocrx_word' id='word_1_225' title='bbox 413 3174 461 3232; x_wconf 87' lang='lat' dir='ltr'><strong>An</strong></span> <span class='ocrx_word' id='word_1_226' title='bbox 476 3172 587 3232; x_wconf 89' lang='lat' dir='ltr'><strong>saltem</strong></span> <span class='ocrx_word' id='word_1_227' title='bbox 602 3171 710 3234; x_wconf 89' lang='lat' dir='ltr'><strong>abesse</strong></span> <span class='ocrx_word' id='word_1_228' title='bbox 723 3172 851 3251; x_wconf 87' lang='lat' dir='ltr'><strong>possita</strong></span> <span class='ocrx_word' id='word_1_229' title='bbox 871 3189 963 3232; x_wconf 88' lang='lat' dir='ltr'><strong>mane</strong></span> <span class='ocrx_word' id='word_1_230' title='bbox 983 3188 1081 3249; x_wconf 90' lang='lat' dir='ltr'><strong>usque</strong></span> 
     </span>
     <span class='ocr_line' id='line_1_33' title="bbox 152 3262 1083 3344; baseline 0.003 -22"><span class='ocrx_word' id='word_1_231' title='bbox 152 3262 194 3323; x_wconf 89' lang='lat' dir='ltr'><strong>ad</strong></span> <span class='ocrx_word' id='word_1_232' title='bbox 208 3263 420 3344; x_wconf 87' lang='lat' dir='ltr'><strong>vesp.?Resp.</strong></span> <span class='ocrx_word' id='word_1_233' title='bbox 447 3265 478 3326; x_wconf 90' lang='lat' dir='ltr'><strong>S.</strong></span> <span class='ocrx_word' id='word_1_234' title='bbox 494 3266 527 3326; x_wconf 85' lang='lat' dir='ltr'><strong>G.</strong></span> <span class='ocrx_word' id='word_1_235' title='bbox 554 3264 751 3341; x_wconf 79' lang='lat' dir='ltr'><strong>affirmative,</strong></span> <span class='ocrx_word' id='word_1_236' title='bbox 773 3264 944 3326; x_wconf 89' lang='lat' dir='ltr'><strong>dummodo</strong></span> <span class='ocrx_word' id='word_1_237' title='bbox 960 3281 1024 3325; x_wconf 92' lang='lat' dir='ltr'><strong>nou</strong></span> <span class='ocrx_word' id='word_1_238' title='bbox 1042 3264 1083 3325; x_wconf 86' lang='lat' dir='ltr'><strong>sit</strong></span> 
     </span>
     <span class='ocr_line' id='line_1_34' title="bbox 152 3354 1080 3435; baseline 0.002 -20"><span class='ocrx_word' id='word_1_239' title='bbox 152 3354 203 3415; x_wconf 91' lang='lat' dir='ltr'><strong>die</strong></span> <span class='ocrx_word' id='word_1_240' title='bbox 222 3355 302 3415; x_wconf 87' lang='lat' dir='ltr'><strong>festo</strong></span> <span class='ocrx_word' id='word_1_241' title='bbox 328 3358 359 3416; x_wconf 88' lang='lat' dir='ltr'><strong>et</strong></span> <span class='ocrx_word' id='word_1_242' title='bbox 375 3357 478 3418; x_wconf 89' lang='lat' dir='ltr'><strong>nullus</strong></span> <span class='ocrx_word' id='word_1_243' title='bbox 493 3356 574 3418; x_wconf 88' lang='lat' dir='ltr'><strong>adsit</strong></span> <span class='ocrx_word' id='word_1_244' title='bbox 590 3357 748 3435; x_wconf 81' lang='lat' dir='ltr'><strong>infirmus,</strong></span> <span class='ocrx_word' id='word_1_245' title='bbox 770 3361 801 3419; x_wconf 90' lang='lat' dir='ltr'><strong>et</strong></span> <span class='ocrx_word' id='word_1_246' title='bbox 814 3375 885 3418; x_wconf 88' lang='lat' dir='ltr'><strong>raro</strong></span> <span class='ocrx_word' id='word_1_247' title='bbox 901 3357 935 3418; x_wconf 91' lang='lat' dir='ltr'><strong>id</strong></span> <span class='ocrx_word' id='word_1_248' title='bbox 948 3357 981 3417; x_wconf 90' lang='lat' dir='ltr'><strong>in</strong></span> <span class='ocrx_word' id='word_1_249' title='bbox 999 3373 1080 3418; x_wconf 90' lang='lat' dir='ltr'><strong>anno</strong></span> 
     </span>
     <span class='ocr_line' id='line_1_35' title="bbox 90 3447 1081 3530; baseline 0.002 -23"><span class='ocrx_word' id='word_1_250' title='bbox 90 3507 96 3518; x_wconf 84' lang='grc'><strong><em>,</em></strong></span> <span class='ocrx_word' id='word_1_251' title='bbox 151 3447 322 3527; x_wconf 76' lang='lat' dir='ltr'><strong>contingat.</strong></span> <span class='ocrx_word' id='word_1_252' title='bbox 335 3481 375 3494; x_wconf 88' lang='lat'>-</span> <span class='ocrx_word' id='word_1_253' title='bbox 386 3451 417 3510; x_wconf 80' lang='lat'><strong>3⁰</strong></span> <span class='ocrx_word' id='word_1_254' title='bbox 429 3452 479 3511; x_wconf 87' lang='lat' dir='ltr'><strong>An</strong></span> <span class='ocrx_word' id='word_1_255' title='bbox 488 3449 619 3530; x_wconf 87' lang='lat' dir='ltr'><strong>parochi</strong></span> <span class='ocrx_word' id='word_1_256' title='bbox 637 3449 802 3512; x_wconf 87' lang='lat' dir='ltr'><strong>viciniores</strong></span> <span class='ocrx_word' id='word_1_257' title='bbox 818 3453 890 3512; x_wconf 85' lang='lat' dir='ltr'><strong>actu</strong></span> <span class='ocrx_word' id='word_1_258' title='bbox 902 3453 1081 3512; x_wconf 85' lang='lat' dir='ltr'><strong>exercentes</strong></span> 
     </span>
    </p>
   </div>
   <div class='ocr_carea' id='block_1_3' title="bbox 0 0 1294 4012">
    <p class='ocr_par' dir='ltr' id='par_1_7' title="bbox 0 0 1294 4012">
     <span class='ocr_line' id='line_1_36' title="bbox 0 0 1294 4012; baseline 0 5"><span class='ocrx_word' id='word_1_259' title='bbox 0 0 1294 4012; x_wconf 95' lang='lat' dir='ltr'><strong> </strong></span> 
     </span>
    </p>
   </div>
  </div>
 </body>
</html>
