2578 4012
413 295 452 344 un
474 296 664 347 nrnnancnra
685 297 876 344 armassem.
1050 289 1109 350 alo

218 446 268 506 An
281 442 425 523 episcopo
441 443 486 505 uti
504 443 725 505 archidiacono
751 448 781 502 et
803 443 953 507 canonico
975 446 1107 528 alicujus

175 535 318 598 'ecelesiae
329 535 580 614 metropolitanae
594 537 688 597 liceat
699 535 822 614 ingredi
835 536 965 598 chorum
977 541 1007 600 ct
1022 539 1108 618 capi-

175 628 275 691 tulum
290 647 362 689 cum
376 629 601 708 superpelliceo
619 632 651 690 et
662 628 769 689 habitu
787 629 986 691 canonicali?

216 723 248 784 S.
266 724 298 783 G.
314 721 374 783 ait.
389 721 551 799 respondit
581 741 587 782 :
614 720 726 782 Teneri
745 721 892 782 incedere
908 741 981 783 cum
996 723 1104 785 babitu

177 813 355 894 episcopali.
371 813 419 892 (st
434 813 579 876 novemb.
596 812 697 892 1703.)

528 968 705 1022 aurlouuus
721 969 755 1022 ΙΙ.

292 1111 327 1150 un
341 1109 447 1150 nonan
463 1109 614 1150 osuannnrs
630 1113 743 1152 ruaraus
758 1113 793 1152 ur
810 1113 927 1154 osricus
944 1101 989 1167 (l).

343 1231 360 1271 ἶ.
375 1237 406 1270 Μ
419 1236 542 1269 6111111λὶ1
555 1235 672 1270 arnono
686 1238 778 1272 utconlu
791 1239 930 1274 GENRRAW.

213 1347 357 1414 Vioarius
374 1345 539 1426 generalis,
555 1345 596 1406 ad
610 1345 675 1407 hoc·
686 1353 720 1408 ut
734 1367 825 1409 suurn
838 1367 953 1412 munus
967 1351 1059 1430 plena
1073 1358 1104 1413 et

172 1442 270 1504 libere
286 1456 429 1500 exercere
451 1437 560 1516 possit,
578 1438 672 1500 dehet
692 1440 893 1521 abepiscopo
912 1444 1057 1505 constitui
1071 1443 1103 1504 in

172 1531 385 1613 spiritualibus
400 1533 431 1591 at
445 1530 681 1609 temporalibus,
698 1550 756 1594 nec
768 1535 882 1596 suflicit
896 1535 922 1596 si
935 1537 1102 1598 constitua-

170 1625 267 1688 turin
280 1622 493 1703 spiritualibus
504 1626 627 1684 tantum
641 1623 691 1684 vel
702 1626 940 1706 temporalibus
957 1629 1031 1708 quia
1042 1630 1100 1691 sub

170 1718 226 1780 tali
237 1717 339 1779 forma
353 1715 523 1777 verborum
537 1732 601 1777 non
615 1720 698 1779 esset
709 1717 849 1797 rigorose
859 1719 994 1783 vicarius
1004 1741 1100 1801 gene-

171 1809 255 1873 ralis.
652 1841 654 1846 v

210 1905 249 1965 Et
272 1901 351 1963 ratio
374 1905 422 1960 est
444 1899 518 1979 quia
532 1900 671 1963 Ecclesia
690 1902 786 1965 habet
806 1907 837 1966 et
867 1903 1040 1984 spiritualia
1068 1909 1107 1968 et,

168 1993 365 2076 temporalia,
374 1992 517 2071 adeoque
532 1993 649 2056 debant
661 1994 694 2055 in
705 1995 807 2058 forma
821 1997 989 2059 vicariatus
1004 1999 1097 2061 ambo

165 2106 312 2169 exprrmr.

207 2183 243 2244 ln
252 2179 393 2260 generali
401 2177 509 2240 vicarii
520 2178 739 2243 constitutione
754 2181 1098 2246 concedunturtautum

168 2291 239 2364 qna
253 2273 286 2334 in
299 2271 440 2353 generali
450 2271 601 2333 mandato
613 2272 822 2350 eontinentur,
839 2274 960 2336 etiamsi
975 2275 1099 2336 adesset

166 2366 326 2430 clausula:
344 2385 359 2424 u
368 2366 483 2426 Dentes
493 2365 524 2426 a
537 2363 743 2426 concedentes
752 2363 780 2425 ei
792 2365 1096 2444 plenamctliheram

166 2460 365 2538 potestatem.
389 2479 404 2516 u

205 2550 315 2624 Quoad
325 2567 363 2610 aa
372 2565 443 2630 ques
457 2551 650 2612 concernunt
660 2549 765 2614 ricard
778 2551 933 2631 generalis
944 2552 1094 2618 constitu·
1181 2624 1184 2630 .

165 2645 295 2720 tionem,
312 2642 381 2704 haec
394 2646 467 2702 sunt
481 2641 639 2705 notanda:

204 2740 235 2798 1ο
255 2733 415 2799 vicarium
428 2733 608 2813 generalem
618 2735 805 2797 constituere
815 2738 1091 2818 potestepiscopus

163 2829 232 2892 sina
247 2825 465 2891 consensu·vel
486 2826 614 2887 consilio
629 2826 767 2905 capituli.
784 2829 947 2906 Reguleria
961 2848 1021 2892 nou
1037 2847 1091 2909 po·

163 2924 300 2984 testesse
310 2919 370 2982 rio.
379 2937 450 2998 gen.
464 2917 508 2998 (S.
522 2919 620 2997 Gong.
632 2918 727 2999 episc.
740 2921 847 2999 otrog.
857 2923 894 2983 lt
902 2921 969 3001 jan.
987 2921 1089 3001 tter.)

164 3012 308 3076 vicarius
328 3010 478 3091 episcopi,
494 3009 544 3072 vel
568 3009 641 3070 sede
664 3016 806 3089 vacante,
828 3030 890 3073 non
906 3016 1089 3091 potestesse

164 3105 320 3186 parochus
342 3104 462 3165 babens
485 3119 594 3163 curam
614 3102 790 3163 animarum
810 3103 863 3183 (S.
879 3106 976 3184 Gong.
1001 3123 1087 3167 cone.

164 3197 284 3262 l-dmaii
293 3196 465 3275 1629);nec
474 3194 632 3274 professor
640 3192 878 3272 velsuperiorin
886 3185 991 3276 aliqua
1002 3197 1094 3260 semi·

194 3409 228 3476 (l)
243 3409 325 3462 'lotus
335 3405 381 3458 ille
393 3408 442 3458 art.
455 3420 489 3458 ex
500 3407 529 3458 t.
542 3403 660 3457 Ferraris
674 3402 839 3455 bibliotheca
850 3403 1024 3474 depromptus
1034 3413 1089 3476 est,

166 3484 265 3544 additis
277 3480 414 3534 nonnullis
423 3480 649 3534 declarationibus
661 3481 720 3534 Suc.
734 3480 816 3546 Goug.
827 3493 895 3542 rom,
