2586 4020
189 287 247 348 138
395 295 627 344 trsnrurrouus
647 295 731 344 runrs
753 295 908 343 cauculo.

188 437 365 524 plicationis
379 437 592 502 introductum
604 441 660 517 est,
672 439 716 500 ita
725 441 886 516 tamen,ut
897 439 993 502 etiam
1005 441 1118 506 revisio

189 535 258 597 haee
271 552 289 596 e
303 551 380 595 uera
391 531 617 613 supplicatione
637 530 772 609 differat,
789 549 859 613 quae
874 549 938 594 non
957 535 1120 614 suspendit

190 627 407 691 executionem
421 625 604 702 sententia,
626 627 662 688 ut
675 624 813 702 dictum,
832 643 906 686 cum
920 628 1025 688 tamen
1039 628 1118 690 revi-

188 721 285 785 sionis
303 719 492 783 beneficium
506 717 678 797 suspendat
701 717 917 779 executionem
936 721 1117 798 sententia,

189 815 290 876 donec
305 830 402 876 causa
415 811 541 892 cognita
551 814 695 874 constare
708 810 817 892 possit,
829 806 1118 874 rescindendauum

158 946 160 950 .
189 903 345 970 sententia
358 904 408 983 sit,
426 921 467 965 en
480 903 706 980 confirmanda,
718 903 769 965 vel
779 903 990 967 reformanda.

424 1048 435 1102 ς
445 1051 471 1092 11.
483 1060 514 1093 ns
522 1059 553 1092 ru
561 1058 606 1102 Qor
614 1058 750 1094 muman
758 1053 877 1092 rossuurr

228 1168 280 1232 Ill.
300 1165 477 1243 Quidaoom
497 1167 530 1230 in
548 1185 665 1246 genere
682 1169 840 1248 appellare
854 1168 1040 1249 permissum
1054 1168 1121 1230 siti

189 1261 359 1344 Appellare
380 1264 484 1342 potest
511 1277 574 1323 nou
594 1262 717 1322 tautum
740 1261 791 1323 ille
814 1264 1031 1342 contraquam
1051 1280 1119 1324 sen·

187 1355 289 1419 tentia
311 1355 376 1417 lata
393 1358 461 1432 est,
484 1354 541 1416 sed
555 1353 687 1434 quilibet
708 1354 788 1418 alius
813 1354 902 1435 cujus
925 1355 1056 1417 interest
1081 1373 1119 1417 ex

189 1449 296 1528 eliqua
309 1465 415 1525 causa,
433 1465 496 1510 nou
510 1447 554 1508 ita
563 1447 658 1510 fuisse
665 1446 851 1526 judicatum,
866 1448 987 1510 etiamsi
997 1447 1118 1528 judicio

188 1558 252 1604 non
276 1539 499 1617 intervenerit,
524 1543 560 1601 ut
586 1557 624 1600 ex
638 1539 728 1602 dictis
743 1539 812 1621 jam
824 1545 925 1622 patet,
942 1541 986 1604 ita
1000 1547 1036 1602 ut
1055 1559 1118 1603 non

186 1636 312 1696 tantum
326 1651 383 1695 suo
398 1632 544 1710 nomine,
567 1631 623 1693 sed
640 1631 742 1695 alieno
764 1633 859 1696 etiam
873 1634 999 1696 nomine
1014 1634 1119 1715 appel·

187 1727 254 1790 lare
265 1725 364 1806 possit
376 1729 573 1806 procurator,
588 1745 618 1786 v.
635 1743 681 1805 g.,
702 1729 792 1805 pater
804 1745 861 1805 pro
875 1727 958 1804 filio,
973 1728 1028 1788 aut
1039 1725 1119 1787 alius

188 1819 310 1882 ratione
322 1818 561 1895 commissionis,
578 1820 651 1895 eta,
668 1819 762 1882 modo
777 1822 879 1881 ratam
893 1817 1010 1882 habeat
1022 1817 1119 1880 talem

189 1911 453 1994 appellationem,
479 1911 567 1992 cujus
590 1911 716 1974 nomine
737 1912 928 1993 appellatum
952 1916 1013 1986 est;
1044 1910 1119 1992 quin

189 2005 285 2067 etiam
307 2005 375 2066 fieri
389 2020 617 2083 nonnunquam
631 2007 751 2084 potest,
767 2011 803 2066 ut
823 2007 956 2085 utreque
970 2022 1042 2082 pars
1056 2003 1119 2065 liti·

188 2095 331 2176 gantium
345 2114 364 2156 a
379 2095 534 2158 sententia
547 2095 612 2160 lata
622 2097 779 2177 appellare
791 2097 900 2176 possit,
916 2101 1070 2177 quatenus
1080 2113 1119 2155 ea

188 2189 264 2270 ipsis
278 2187 310 2251 in
323 2186 454 2252 diversis
469 2189 608 2252 articulis
620 2190 777 2252 contraria
791 2191 852 2267 est,
869 2189 895 2252 si
912 2195 1018 2252 tamen
1035 2206 1056 2248 a
1069 2189 1118 2269 ju-

188 2281 258 2346 dice
273 2283 367 2344 etiam
381 2281 452 2345 talis
472 2281 595 2345 articuli
611 2281 728 2344 decisio
743 2282 841 2360 petita
853 2281 931 2344 fuit:
948 2281 1118 2360 spectanda

187 2379 294 2439 tamen
308 2379 356 2440 est
367 2375 562 2439 consuetudo
575 2373 790 2438 tribunalium.

227 2485 276 2544 An
288 2481 321 2543 in
341 2499 436 2544 causa
450 2479 592 2559 pluribus
605 2480 763 2542 communi
778 2499 858 2542 uuus
876 2483 998 2542 tantum
1013 2478 1117 2559 appel-

187 2575 253 2636 lare
267 2573 366 2651 possit
379 2573 446 2634 sine
463 2573 604 2634 caeteris?
616 2572 699 2634 Fieri
715 2572 775 2634 hoc
788 2591 899 2652 posse,
915 2572 1007 2635 itaut
1024 2571 1117 2653 hujus

187 2666 221 2728 in
234 2682 330 2726 causa
349 2665 568 2746 appellationis
589 2664 738 2742 victoria,
757 2665 852 2727 etiam
874 2664 942 2725 aliis
961 2666 1074 2744 prosit,
1091 2665 1116 2726 si

188 2757 346 2821 communi
357 2757 430 2837 jure
436 2757 597 2838 juventur,
617 2763 648 2816 et
661 2756 745 2819 idem
757 2759 929 2839 negotium,
943 2757 1117 2839 eademque

188 2849 377 2913 defensionis
392 2868 488 2912 causa
509 2850 634 2926 existat,
651 2849 677 2912 si
701 2855 807 2913 tamen
823 2850 923 2916 correi
937 2849 1068 2928 fuerint,
1084 2851 1116 2912 in

188 2943 299 3005 eadem
312 2960 416 3020 causa,
431 2943 462 3002 et
473 2960 531 3023 per
544 2943 688 3006 camdem
699 2944 887 3006 sententiam
901 2944 1113 3021 condemnati,

187 3054 290 3116 neque
312 3053 393 3096 unus
416 3033 540 3096 illorum
556 3037 743 3099 seutentiam
761 3037 870 3117 primae
885 3035 1039 3098 instantiae
1064 3055 1117 3096 ex-

186 3145 317 3214 presse,
338 3125 388 3187 vel
410 3126 503 3189 tacite
523 3129 763 3208 approbaverit,
786 3123 838 3190 oui
859 3129 933 3192 socii
949 3129 1115 3208 appellatio

186 3217 265 3279 nihil
279 3217 461 3298 prodesset,
479 3239 551 3283 cum
566 3226 676 3302 sponte
692 3241 749 3284 sua
764 3221 792 3283 ei
806 3221 1045 3299 renuntiaverit,
1063 3227 1117 3282 aut

186 3309 280 3373 tacite
294 3310 454 3375 saltemea
467 3332 501 3376 se
514 3313 715 3378 abdicaverit.
728 3317 836 3394 Neque
848 3318 953 3376 tamen
963 3313 1117 3378 sententia

186 3401 220 3464 in
243 3419 317 3464 casu
342 3405 559 3486 appellationis
583 3411 693 3470 contra
721 3425 819 3469 unum
839 3425 877 3468 ex
896 3408 1012 3469 eorreis
1033 3407 1112 3482 lata,

188 3509 313 3579 semper
331 3495 421 3564 alteri
442 3515 551 3566 correo
573 3501 666 3560 nocet
679 3499 784 3586 quoad
801 3499 1113 3581 condemnationem,
