2586 4020
411 294 449 342 nn
471 293 613 343 nxruruw
634 293 787 344 auctusne
808 293 913 345 suano.
1066 281 1123 342 I'lt

235 445 270 506 In
287 442 359 520 hoo,
375 442 481 521 prouti
494 441 526 502 iu
540 441 662 504 caeteris
688 439 869 521 hujusmodi
889 439 1125 520 questionibus,

195 536 289 598 debet
303 535 452 614 distingui
473 534 605 615 quaestio
621 535 660 595 da
675 533 747 614 jure
761 535 794 594 iu
813 540 960 596 concreto
976 537 1008 595 et
1020 535 1052 594 in
1066 535 1128 596 ·eh-'

194 632 323 692 stracto.
333 628 469 700 Quaestio
484 627 516 688 in
531 630 678 689 concretu
689 627 821 688 solvitur
833 646 869 687 ex
880 627 917 688 iis
929 642 998 708 quae
1010 627 1129 707 placuit

190 722 341 784 Ecclesiae
354 720 549 800 principibus
562 719 621 781 hac
635 720 666 780 in
687 739 722 781 ra
735 720 920 783 concedere.
937 720 1073 793 Quaestio
1088 721 1127 781 de

190 815 264 897 jure
289 816 322 876 in
345 815 501 875 abstracto
518 832 556 874 ex
577 817 691 874 natura
717 813 879 894 utriusque
898 813 1129 893 potestatisde·

189 907 334 970 liniendo
348 911 404 985 est,
420 925 459 968 ex
473 906 625 967 limitibus
638 906 691 986 qui
707 906 738 966 in
761 907 918 969 abstracto
933 905 1058 986 utrique
1073 923 1130 986 po-

194 1002 298 1064 testati
320 1000 528 1080 assignantur,
546 1002 577 1060 et
598 999 727 1079 propria
755 1002 802 1061 est
822 1000 987 1079 praetendo
1012 1003 1129 1062 tracta·

195 1095 298 1157 tionis.

236 1187 292 1250 Hic
312 1187 467 1266 distingue
483 1204 552 1267 quae
572 1187 660 1248 salva
674 1186 736 1248 fide
761 1203 823 1248 non
837 1189 969 1266 possunt
983 1186 1127 1250 sustineri

196 1281 284 1342 abiis
296 1297 366 1361 quae
381 1280 469 1340 salva
479 1279 542 1341 fide
557 1279 727 1359 agitantur.

237 1378 268 1437 l⁰
289 1374 383 1436 Salva
390 1372 451 1433 fide
465 1391 528 1434 non
540 1375 644 1451 potest
657 1371 802 1434 sustineri
816 1373 901 1452 quod
910 1373 1045 1452 politicus
1056 1391 1130 1434 auc-

198 1466 332 1529 torilatis
343 1465 395 1546 jus
408 1465 449 1527 sit
460 1465 640 1527 confercndi
657 1465 844 1526 canonicam
856 1465 1084 1536 inst'tutionem
1097 1466 1130 1526 in

199 1559 301 1622 officia
316 1558 537 1635 ecclesiastica,
553 1559 597 1620 ite
612 1562 646 1620 ut
662 1558 813 1619 canoniea
828 1557 934 1620 missio
948 1559 988 1620 ad
1003 1558 1131 1639 aliquod

198 1651 406 1713 ministerium
420 1652 666 1714 ecclesiasticum
691 1651 732 1713 sn
749 1670 864 1712 munus
885 1651 1004 1731 politici
1016 1651 1131 1731 magis·

198 1748 308 1806 tratus.
328 1745 439 1806 concil.
457 1744 556 1822 rrid,
573 1765 649 1808 sess.
662 1749 712 1823 23,
729 1746 773 1806 De
788 1749 984 1808 sacramento
999 1745 1129 1822 ordinis,

198 1857 226 1901 c.
244 1843 263 1899 t
280 1859 286 1900 :
301 1841 400 1900 Docet
419 1839 474 1900 SS.
489 1839 628 1916 synodus
640 1839 673 1899 in
688 1838 884 1900 ordinatione
897 1838 1129 1919 episcoporum,

198 1931 397 1993 sacerdotum
417 1934 449 1992 et
472 1935 659 1993 ceterorum
681 1931 834 1992 Ordinum
852 1949 910 1993 nec
936 1931 1055 2011 populi,
1073 1949 1132 1994 nec

199 2024 335 2106 cujusvis
345 2024 503 2086 saecularis
516 2025 679 2104 potestatis
691 2027 722 2086 et
731 2026 933 2106 magistratus
943 2043 1133 2086 eonsensum

199 2117 265 2178 sive
280 2117 490 2194 vocationem,
503 2117 568 2178 sive
581 2118 799 2180 auctoritatem
813 2118 858 2179 ita
872 2117 990 2198 requiri
1018 2117 1132 2179 utsIne

199 2228 237 2271 ea
262 2208 351 2271 irrita
378 2208 418 2271 sit
445 2209 611 2287 ordinatio,
630 2210 703 2291 quia
716 2210 821 2288 potius
836 2210 983 2273 'decernit
1008 2212 1132 2290 eosqui

197 2303 417 2365 tantummodo
433 2304 577 2382 apopulo
593 2306 648 2364 aut
662 2303 803 2364 saeeulari
817 2306 982 2382 potestate,
999 2306 1132 2365 autma-

196 2396 329 2476 giStratu
343 2395 446 2456 vocati
471 2399 502 2457 et
528 2394 672 2471 instituti,
690 2396 730 2456 ad
754 2395 822 2456 haeo
837 2395 1011 2457 ministeria
1025 2414 1132 2456 ascen-

199 2488 288 2566 dunt,
306 2491 337 2550 et
359 2487 411 2567 qui
439 2507 476 2548 ea
500 2488 628 2568 propria
643 2489 828 2574 auctoritate
843 2488 902 2550 sihi
924 2492 1061 2566 sumunt,
1078 2507 1132 2550 eos

198 2600 261 2644 nun
286 2579 433 2642 Ecclesiae
446 2580 616 2658 ministros,
633 2581 688 2642 sed
703 2581 787 2642 fures
806 2584 837 2643 et
858 2582 997 2644 latrones
1013 2598 1070 2661 per
1082 2601 1132 2644 os-

197 2675 275 2737 tium
290 2692 353 2735 non
365 2673 522 2753 ingressos
536 2674 699 2736 habendos
710 2693 787 2736 esse.
804 2677 852 2736 lta
866 2675 1018 2737 Henricus
1028 2675 1108 2738 VIII.

237 2772 268 2829 2⁰
290 2766 352 2830 Sed
374 2767 461 2827 salva
482 2766 633 2828 canonica
657 2767 852 2832 instItutione
877 2775 908 2829 et
936 2768 1131 2830 ordinatione

199 2879 268 2942 qnae
283 2860 431 2922 Ecclesiae
447 2863 504 2936 est,
521 2859 619 2940 quaeri
635 2864 742 2939 posset
756 2878 796 2921 an
812 2860 940 2942 aliquod
955 2860 1007 2941 jus
1027 2879 1065 2921 ex
1076 2878 1133 2922 na-

197 2960 270 3017 tura
283 2951 458 3034 majestatis
470 2955 628 3033 competat
642 2953 776 3033 principi
789 2953 850 3015 hac
863 2955 896 3014 in
912 2972 945 3014 re
963 2973 969 3014 :
986 2952 1133 3014 videlicet

199 3065 240 3108 an
261 3045 358 3125 ipsius
383 3046 423 3108 sit
446 3045 612 3125 designare
633 3065 784 3124 personas
799 3047 848 3107 vel
876 3047 953 3107 alias
966 3045 1132 3106 excludere

199 3159 269 3220 quae
285 3139 422 3202 debeant
447 3138 487 3199 ab
511 3137 724 3200 ecclesiastica
737 3140 923 3201 auctorItate
937 3137 1068 3214 institui,
1081 3138 1132 3200 vel

199 3251 273 3295 non.
298 3233 434 3305 Quaestio
446 3231 623 3311 prasertim
644 3233 749 3312 agitur
763 3233 801 3292 de
816 3233 904 3311 regia
919 3230 1131 3294 nominatione

198 3326 429 3406 episcoporum.
446 3328 496 3388 An
517 3323 664 3386 videlicet
678 3325 810 3404 principi
838 3326 877 3386 de
892 3331 1006 3387 natura
1019 3325 1131 3406 majes-

198 3419 270 3482 tatis
282 3419 334 3502 jus
351 3419 391 3481 sit
404 3418 600 3500 proponendi
623 3418 841 3480 ecclesiastieae
863 3419 1009 3500 potestati
1024 3437 1133 3498 perso-

199 3532 257 3575 nas
271 3513 312 3574 ad
327 3512 786 3592 episcopatum'promovendas
800 3512 972 3594 in'pr'oprio
987 3511 1094 3575 statu?
