2586 4020
172 241 230 302 tio
377 249 605 300 rusrnurmuus
627 251 709 298 tuuis
732 249 887 298 cinon-101.

170 395 369 474 tionem-sed
385 395 470 458 bona
485 395 547 458 fide
558 395 653 458 etiam
670 394 844 457 continuari
858 394 982 472 debeat,
1000 393 1101 456 donec

170 494 294 570 tempus
320 507 340 551 a
370 489 440 570 lege
465 489 682 569 praescriptum
709 488 900 569 completum
917 487 1026 566 fuerit,
1055 487 1100 548 uti

172 586 294 648 constat
312 601 352 644 ex
372 583 513 663 pluribus
535 583 615 664 juris
635 582 788 655 textibus3
813 580 896 642 omni
922 580 1005 642 enim
1026 599 1101 642 con-

172 676 324 739 stitutioni
338 676 450 737 merito
461 674 592 754 derogat
601 674 653 756 jus
664 674 860 750 canonicum,
873 691 943 753 quae
953 673 1102 752 sinapeo-

172 772 242 831 oato
257 768 375 830 servari
390 786 453 829 non
474 771 596 848 potest,
613 771 706 848 prout
721 766 838 828 servari
854 785 917 828 non
936 769 1040 845 potest
1051 767 1103 827 lex

173 879 242 942 quae
255 879 329 923 cum
346 860 431 922 mala
449 860 511 921 fide
532 861 661 922 seientia
684 859 816 936 scilieet,
832 859 878 919 rei
892 859 1002 920 alienae
1022 876 1103 937 prae-

172 955 374 1034 scriptionem
401 952 553 1033 permittit
570 973 576 1014 :
594 959 626 1013 et
647 953 789 1033 quamvis
810 952 842 1012 in
866 951 960 1013 dubio
983 969 1102 1030 pressu-

172 1046 323 1107 mendum
342 1045 382 1106 sit
401 1043 485 1106 bona
507 1044 569 1105 fide
584 1045 758 1125 possedisse
779 1045 934 1126 aliquem,
952 1044 1012 1106 nisi
1026 1062 1102 1106 oon-

172 1137 304 1201 trarium
319 1137 486 1216 probetur,
506 1155 578 1197 cum
599 1137 748 1198 delictum
766 1157 828 1200 non
843 1138 934 1200 facile
954 1136 1102 1218 praesumi

174 1231 303 1307 debeat,
319 1228 345 1290 si
362 1236 469 1291 tamen
483 1236 593 1291 contra
609 1229 662 1312 jus
683 1249 848 1293 commune
873 1230 1102 1310 possessionem

106 1325 112 1338 “
175 1321 374 1404 acquisiverit
391 1322 519 1402 aliquis,
544 1327 574 1385 et
595 1323 627 1385 in
647 1323 701 1386 tali
717 1341 792 1386 casn
810 1322 1014 1402 possessionis
1037 1341 1102 1384 suae

167 1411 299 1478 ¹titulum
322 1415 458 1495 allegare
483 1433 546 1476 non
573 1415 689 1494 possit,
719 1417 829 1478 contra
855 1415 957 1495 ipsum
985 1433 1101 1494 preasu-

95 1541 96 1544 ¹
174 1508 280 1572 mitur.

214 1601 343 1679 Exque
365 1598 568 1660 fundamento
592 1599 708 1678 optime
732 1598 866 1662 infertur
896 1599 980 1683 quod
1008 1600 1100 1682 primi

175 1691 230 1768 illi,
248 1690 301 1772 qui
316 1693 424 1753 contra
433 1691 547 1772 legem,
561 1692 626 1754 sive
639 1693 789 1754 canonica
798 1694 852 1754 illa
864 1694 913 1771 sit,
928 1695 992 1755 sive
1003 1693 1102 1756 civilis

175 1784 234 1846 rite
259 1784 490 1864 promulgatam
517 1790 549 1846 et
570 1789 729 1865 receptam
760 1788 910 1864 egerunt,
937 1786 1103 1868 praesorip·

175 1875 295 1939 tionem
304 1875 454 1938 inchoare
469 1895 532 1938 nou
542 1878 711 1957 potuerint,
729 1895 800 1940 cum
814 1879 929 1940 maiam
944 1879 1039 1940 fidem
1051 1879 1106 1940 ha-

174 1968 316 2042 buerint3
339 1987 533 2030 successores
554 1974 680 2047 tamen,
699 1971 752 2051 qui
775 1971 887 2033 merito
910 1972 1037 2032 credere
1051 1989 1106 2051 po·

175 2062 304 2122 tuerunt
316 2067 528 2123 antecessores
544 2080 617 2124 suos
633 2062 665 2123 iu
679 2081 741 2124 non
754 2063 949 2125 observanda
963 2064 1019 2126 tali
1035 2064 1106 2144 lege
1130 2099 1133 2105 ·

177 2151 255 2214 nihil
269 2153 449 2233 detiquisse,
465 2157 576 2216 contra
592 2155 687 2217 talem
701 2155 803 2234 legem
816 2155 1019 2234 praeseribere
1034 2173 1107 2235 pos-

172 2249 260 2324 sunt,
275 2265 346 2309 oum
360 2246 478 2309 bonam
491 2248 586 2309 fidem
601 2247 749 2310 habeant.
766 2249 846 2310 Sunt
858 2248 985 2329 quidem
997 2249 1103 2329 aliqui,

170 2331 230 2422 ¹qui
241 2347 353 2420 putant
368 2339 472 2403 debita
486 2339 681 2420 personalia,
698 2341 747 2402 vel
762 2344 870 2402 eontra
885 2341 1023 2402 actiones
1037 2360 1105 2422 per·

177 2432 300 2493 sonales
329 2434 369 2492 ad
391 2433 466 2494 talia
490 2434 611 2510 debita,
638 2436 669 2493 et
694 2435 803 2495 contra
825 2434 990 2496 servitutes
1012 2435 1105 2495 etiam

167 2523 272 2583 'bodie
288 2542 359 2584 eum
377 2525 461 2585 mala
484 2524 546 2585 fide
567 2525 728 2605 preesoribi
744 2544 851 2604 posse,
877 2544 948 2587 cum
964 2527 1034 2588 talis
1058 2525 1104 2588 sui
1174 2582 1176 2586 .

176 2613 274 2674 debiti
284 2612 496 2693 cognitionem
514 2618 545 2676 et
559 2616 722 2678 scientiam
737 2617 862 2695 habeat,
880 2618 1023 2698 quamvis
1038 2637 1106 2680 cre-

178 2705 260 2767 ditor
276 2705 358 2768 illius
372 2707 559 2768 solutionem
573 2725 636 2767 non
649 2713 769 2788 urgeat.

167 2810 170 2816 '
217 2799 342 2860 Rectius
355 2805 461 2860 tamen
472 2798 525 2859 alii
539 2799 717 2878 opinantur,
726 2802 765 2864 ob
775 2802 983 2864 universalem
992 2803 1048 2864 SS.
1057 2819 1105 2862 oa-

178 2909 297 2954 nonum
313 2891 497 2970 doctrinam,
514 2907 586 2952 cum
599 2893 682 2954 mala
694 2893 755 2955 fide
768 2895 927 2973 prescribi
940 2913 1031 2974 posse
1051 2913 1106 2954 ne-

178 2985 339 3064 gantium,
356 2984 452 3045 etism
469 2984 500 3044 in
515 2984 564 3045 his
579 2984 691 3047 debitis
707 3005 743 3047 ac
761 2987 961 3049 servitutibus
982 2987 1106 3049 rusticis

179 3076 418 3157 praescribendis
426 3077 544 3139 bonam
552 3077 649 3138 fidem
666 3098 703 3140 ex
715 3085 803 3158 pente
816 3081 1046 3160 praeseribeutis
1056 3099 1107 3142 re·

179 3168 279 3250 quiri:
297 3169 346 3230 vel
359 3169 444 3251 quod
457 3171 565 3232 credet
581 3189 614 3232 se
626 3171 703 3231 nihil
714 3171 843 3250 debere,
858 3173 917 3234 nisi
937 3173 977 3234 ab
996 3173 1106 3234 adver-

179 3261 261 3323 sario
276 3280 332 3324 suo
345 3270 521 3342 moneatur,
530 3266 561 3326 et
569 3267 720 3342 urgeatur
728 3264 868 3327 executio
882 3266 954 3327 latae
965 3266 1105 3330 fortassis

179 3357 289 3418 contre
301 3355 404 3436 ipsum
418 3357 591 3434 sententiae,
604 3359 657 3418 aut
669 3357 801 3419 servitus
814 3359 966 3438 exigatur,
984 3359 1033 3420 vel
1044 3359 1106 3420 elia

179 3447 365 3512 invincibilis
380 3449 556 3528 ignorantia
568 3448 771 3528 interveniat,
792 3453 864 3526 eto.;
881 3453 985 3528 potest
999 3454 1105 3514 tamen
