2578 4012
184 261 245 326 260
403 271 631 320 rnsrrrurrorns
651 269 735 318 runrs
757 267 913 316 ornorror.

185 421 303 498 lunato,
317 419 465 481 recedere
479 417 584 480 debet.
603 415 647 497 (S.
662 419 760 496 cong.
773 414 835 477 1111.
849 417 887 476 23
897 418 990 476 mart.
1009 413 1122 495 1619.)

223 515 258 575 9⁰
279 511 422 573 Parocho
442 510 495 591 jus
519 510 664 571 funerum
687 525 760 571 oum
783 525 874 568 eruce
898 507 1028 568 6161616
1051 526 1120 568 666

155 621 163 628 ·
185 604 343 686 competit,
367 605 423 666 sed
448 602 600 684 privative
624 601 666 663 ad
689 599 916 664 confessarium
930 600 1121 662 monialium

183 698 318 778 pertinet
332 695 495 758 occasione
514 694 679 758 delationis
692 694 884 756 cadaverum
895 693 935 753 ad
948 692 1120 754 ecclesiam

184 789 374 853 exteriorem
385 787 579 850 monialium.
598 787 643 880 (S.
660 789 693 849 C.
711 788 887 864 1111663.
905 785 1007 865 1726.)

223 887 273 946 111ο
287 881 420 944 Peroohi
431 881 621 944 associantes
635 879 728 942 lunus
743 881 904 960 nequeunt
918 878 1119 960 pretendere

54 967 59 974 ¹
184 975 348 1040 candelam
361 973 514 1055 majorem
534 973 587 1034 1116
602 991 672 1055 quae
698 973 792 1036 datur
812 970 965 1051 superiori
992 973 1120 1052 regula-

183 1069 266 1130 rium
277 1067 430 1129 associato
446 1066 485 1128 ab
500 1067 568 1128 aliis
581 1065 645 1128 auis
655 1064 818 1146 religiosis.
830 1065 874 1144 (S.
884 1065 916 1126 G.
927 1067 960 1126 G.
974 1067 1010 1128 15
1018 1068 1114 1125 mart.

184 1160 338 1240 1606161
353 1158 439 1222 idem
449 1157 618 1222 dicendum
632 1164 679 1220 est
694 1158 733 1218 da
755 1157 822 1219 aliis
834 1156 1051 1220 sacerdotibus
1064 1157 1117 1218 661

183 1271 353 1318 oenonrers.

221 1345 275 1406 Jus
291 1344 460 1426 sepulture.
484 1347 515 1406 1ο
527 1343 663 1418 Quilibet
676 1361 695 1404 a
706 1342 777 1424 jure
790 1361 854 1404 non
868 1341 1038 1421 impeditus
1054 1361 1120 1420 po-·

182 1440 244 1501 test
256 1437 314 1498 sibi
330 1437 444 1517 eligere
459 1437 653 1518 sepulturam
669 1437 701 1496 in
714 1435 854 1516 quelibet
868 1433 1000 1496 66616616
1015 1434 1057 1496 ad
1080 1435 1116 1495 id

180 1530 231 1611 jus
246 1530 392 1612 habente.
408 1531 535 1592 Constet
549 1547 587 1589 ex
610 1529 717 1590 multis
731 1527 940 1590 decretalibus
955 1528 987 1589 S.
1002 1529 1037 1588 P.
1056 1527 1116 1600 Oui

183 1621 242 1683 sibi
249 1621 443 1700 sepulturam
455 1638 519 1682 non
532 1621 636 1700 elegit,
648 1620 847 1700 sepeliendus
864 1623 911 1680 est
924 1619 957 1680 in
969 1620 1114 1699 sepulcro

182 1713 339 1796 maJorum
353 1729 491 1774 suornm.
503 1713 542 1775 lot
551 1713 577 1773 si
586 1712 655 1791 quis
665 1712 785 1774 nullam
795 1712 911 1775 lrabeat
921 1712 1116 1792 sepulturam

182 1805 350 1886 majorum,
367 1823 424 1867 neo
435 1805 573 1886 aliquam
588 1806 646 1868 sibi
658 1805 798 1886 elegerit,
813 1805 1011 1885 sepeliendus
1026 1806 1115 1867 estin

181 1899 308 1978 propria
321 1897 471 1979 parochia
482 1898 536 1960 ubi
550 1903 748 1960 sacramenta
757 1897 887 1977 recepit.

221 1994 253 2052 2⁰
267 1990 426 2070 Peregrini
441 1993 706 2072 pertranseuntes,
718 1990 781 2051 nisi
803 1990 997 2071 sepulturam
1013 1990 1116 2070 elege-

140 2131 147 2138 .
181 2081 254 2160 rint,
277 2082 446 2162 sepeliendi
462 2086 534 2145 sunt
554 2083 586 2144 in
602 2083 793 2157 cathedrali;
818 2083 948 2146 advenae
964 2085 1068 2144 autem
1085 2087 1117 2146 61

181 2173 338 2255 peregrini
362 2174 514 2237 hebentes
537 2193 594 2255 per
608 2175 737 2255 aliquod
748 2179 872 2254 tempus
888 2175 1117 2238 habitationem

181 2267 214 2328 in
229 2267 920 2349 611666666661616,66661166(116661161666.
947 2269 991 2348 (S.
1015 2270 1115 2348 Gong.

182 2378 232 2439 66.
249 2363 281 2422 61
294 2378 361 2439 reg.
379 2363 396 2421 3
420 2359 486 2440 jul.¹
497 2361 599 2442 1592.)
612 2360 742 2438 Milites,
763 2361 888 2438 famuli,
911 2360 1043 2422 studiosi
1060 2360 1116 2421 ali-

181 2451 253 2515 cubi
273 2452 462 2530 habitantes,
486 2453 512 2514 si
524 2454 718 2532 sepulturam
735 2453 870 2516 nonsibi
884 2451 1046 2532 elegerint,
1064 2471 1116 2513 se·

181 2543 318 2622 pellendi
332 2547 405 2606 sunt
424 2545 456 2604 in
469 2544 619 2623 parocbia
634 2546 687 2606 ubi
700 2547 745 2606 616
757 2545 943 2607 habitabant
958 2548 989 2606 61
1004 2545 1116 2606 (16666-

182 2640 300 2698 666661.
325 2634 393 2697 ·Sed
412 2635 546 2716 juvenes
580 2638 742 2699 seculares·
769 2642 801 2700 61
824 2638 947 2717 puellae,
972 2638 1115 2698 nondum

180 2727 290 2790 habitu
312 2728 449 2807 regulari
474 2729 585 2807 induti,
602 2731 658 2792 sed
686 2729 725 2792 de
739 2731 828 2792 brevi
846 2729 1009 2806 induendi,
1026 2748 1114 2811 sepe-

178 2820 273 2883 liendi
286 2821 403 2883 suntin
416 2821 607 2884 monasterio
621 2821 675 2883 ubi
691 2822 858 2886 decedunt.

220 2916 252 2974 3ο
272 2913 430 2976 Universis
444 2914 597 2994 religiosis
611 2918 642 2976 61
655 2915 849 2978 secularibus
869 2915 990 2977 clericis
1005 2915 1114 2998 cujus-

182 3023 315 3084 cumque
344 3009 443 3068 status
472 3006 522 3068 661
549 3006 736 3069 conditionis
764 3009 908 3086 existant,
937 3009 970 3069 in
995 3008 1111 3069 virtute

181 3101 297 3160 sanctes
315 3099 511 3176 ohedientiae,
532 3101 564 3160 et
578 3098 636 3159 sub
650 3099 903 3163 interminatione
917 3100 1114 3162 maledictio-

181 3190 841 3271 61666166661161616116616666661111666666,
863 3209 902 3252 ne
929 3193 1050 3274 aliquas
1070 3192 1112 3254 ad

180 3282 372 3344 movendum
385 3284 435 3345 661
447 3283 620 3364 jurandum
634 3304 689 3346 seu
702 3285 779 3346 alias
800 3283 1047 3365 promittendum
1063 3284 1112 3345 in-

87 3392 91 3400 ·
181 3371 297 3450 ducant
317 3378 352 3434 ut
374 3375 459 3453 apud
474 3394 584 3438 eornm
606 3374 752 3437 ecclesias
771 3376 965 3456 sepulturam
981 3378 1108 3456 eligant,

126 3459 132 3468 ¹
179 3459 303 3540 valjam
313 3464 443 3525 electam
455 3467 585 3528 ulterius
597 3483 659 3526 non
671 3465 847 3531 immutent.
861 3471 909 3532 lta
917 3469 1018 3532 Bonis.
1027 3470 1107 3533 v111.
