2586 4020
390 290 429 336 nu
451 286 592 334 sirenae
614 285 766 332 neecusrn
787 285 893 333 srtru.
1053 273 1107 334 lot

218 437 268 498 ΙΙΙ.
284 466 324 482 ·-
338 431 517 496 Generatim
529 447 605 510 ergo
617 431 686 492 haec
700 429 868 492 statuenda
881 434 974 492 sunt:

219 545 249 602 10
263 542 341 602 (lum
357 539 517 617 protector
543 536 639 596 habet
656 535 918 615 jurisdictionem,
941 535 994 616 jus
1015 537 1112 598 habet

179 630 401 714 pronuntiandi
416 630 455 690 de
466 628 588 709 justitia
600 645 701 688 causae
714 631 883 707 antequam
892 631 1046 707 proteget.
1060 627 1111 690 Sic

181 726 326 806 princeps
341 723 373 783 in
388 722 528 784 subditos
545 741 552 782 :
569 723 637 782 tum
648 720 802 801 judicabit
814 721 1042 783 auctoritatem.

219 837 251 893 2⁰
272 832 350 892 (ium
371 830 530 907 protector
553 828 600 887 est
620 825 779 906 subjectus
806 826 1016 907 jurisdictioni
1039 845 1110 906 pro·

179 923 263 1000 tecti,
276 923 370 982 debet
383 921 416 982 in
430 919 609 982 obedientia
619 918 857 998 protectionem.
869 920 1032 980 Protector
1043 921 1110 980 tum

180 1015 274 1078 stabit
289 1009 466 1075 auctoritati
480 1011 612 1091 protecti
627 1009 760 1089 implens
775 1010 967 1072 officiumvel
976 1011 1111 1073 benevo-

181 1107 284 1170 lentiae
299 1107 349 1166 vel
365 1104 562 1167 ohedientia.

220 1217 252 1274 3⁰
264 1201 342 1274 Cum
357 1212 516 1290 protector
530 1213 562 1271 et
575 1213 736 1289 protectus
750 1210 868 1271 nullam
882 1210 1000 1271 habent
1011 1210 1053 1270 ad
1065 1211 1111 1270 in·

148 1325 152 1331 ’
182 1307 284 1369 vicem
306 1303 534 1378 auctoritatem,
559 1320 617 1362 nec
640 1308 748 1363 contra
768 1305 1037 1382 potestatemquae
1053 1302 1112 1362 im-

152 1419 154 1422 *
180 1393 1108 1478 ploratauxilium,jushahentjudicandidejustitiacausae:

182 1489 361 1571 (nonenim
382 1487 471 1548 adest
492 1485 661 1549 auctoritas
686 1486 830 1565 superior
852 1485 944 1547 alicui
971 1486 1111 1565 ipsorum

182 1600 251 1668 quae
260 1580 359 1660 possit
368 1579 585 1640 auctoritative
595 1579 763 1660 judicare3)
777 1582 851 1640 tunc
861 1597 924 1641 uon
936 1583 1067 1658 possunt
1078 1599 1111 1640 se

182 1673 410 1736 rationabiliter
430 1671 640 1734 determinare
662 1671 722 1732 nisi
743 1671 886 1734 examine
905 1671 1023 1752 jurium
1043 1691 1111 1734 mu-

183 1771 320 1828 tuorum.
330 1765 382 1826 Sic
393 1783 464 1824 cum
475 1764 621 1843 princeps
629 1764 860 1826 confoederatus
870 1765 1016 1844 implorat
1023 1765 1113 1826 auxi-

182 1859 259 1919 lium
272 1859 381 1918 eontra
395 1855 491 1917 alium
506 1855 690 1934 prinoipem,
700 1859 858 1934 protector
869 1859 973 1935 potest
982 1874 1110 1918 causam

178 1949 321 2031 judicare
336 1952 505 2028 antequam
519 1950 646 2026 praestet
659 1947 791 2028 petitum
809 1947 968 2010 auxilium.

503 2155 505 2160 .
544 2105 749 2168 Theoremall.

220 2269 272 2329 lv.
290 2264 439 2326 Protectto
453 2265 594 2344 importat
612 2272 646 2324 at
659 2265 818 2326 auctoritas
824 2273 981 2345 preceperas
1000 2264 1112 2345 diripat

181 2357 277 2420 media
292 2357 398 2437 tepolia
409 2356 509 2417 ordini
524 2376 575 2417 aaa
587 2355 790 2437 respondentia
801 2356 842 2417 ad
859 2356 1051 2437 desertorem
1058 2357 1111 2438 ja-

115 2465 120 2474 ·
181 2451 258 2512 riam
275 2448 460 2510 auctoritatis
468 2457 622 2530 protecta.
638 2449 728 2511 Ratio
742 2449 929 2513 deducitur:

221 2546 251 2604 1⁰
272 2545 333 2602 Per
349 2542 560 2603 exclusionem
580 2543 619 2604 ab
644 2542 840 2604 antecedenti
855 2543 1061 2606 theoremate.
1078 2543 1110 2606 Si

182 2634 266 2696 enim
278 2633 403 2696 ordines
420 2651 477 2713 per
491 2634 704 2696 defensionem
718 2653 781 2696 non
796 2636 1029 2715 perturbentur,
1053 2655 1112 2698 nec

183 2727 427 2802 immisceautur,
444 2743 507 2786 uon
522 2727 581 2788 erit
594 2727 654 2788 nisi
669 2745 849 2805 concursus
865 2729 1008 2805 directio,
1025 2747 1112 2792 coor-

182 2818 300 2881 dinatio
320 2817 412 2880 unius
436 2817 554 2880 ordinis
574 2819 608 2879 in
626 2819 767 2880 favorem
789 2821 927 2898 alterius,
948 2821 1112 2882 inconfusa

181 2913 327 2972 manente
342 2913 474 2990 utraque
489 2909 684 2986 auctoritate,
698 2910 904 2990 impermistis
919 2911 1043 2988 mediis,
1055 2912 1112 2972 im·

179 3000 339 3082 permixtis
347 3002 473 3079 finibus
482 3007 607 3063 servato
618 3008 752 3082 utroque
763 3002 885 3066 ordine.

221 3099 252 3155 2⁰
267 3095 314 3154 Ex
334 3096 448 3156 natura
470 3094 670 3172 defensionis,
696 3112 766 3174 qua
791 3101 838 3156 est
858 3095 1054 3159 coordinatio
1066 3097 1113 3159 vi-

182 3186 275 3262 rium,
296 3187 346 3248 vel
366 3187 550 3250 facultatum
571 3186 664 3246 unius
684 3185 725 3246 ad
739 3187 954 3248 sustinendam
969 3188 1112 3251 debilita-

182 3283 246 3340 tem
256 3279 306 3340 vel
320 3279 573 3342 insufficientiam
581 3278 695 3341 virium
708 3282 764 3342 aut
776 3279 960 3344 facultatum
972 3281 1109 3346 alterius.

223 3387 255 3446 3⁰
268 3384 315 3446 Ex
327 3385 410 3448 facto
425 3404 487 3465 quo
510 3385 653 3448 videmus
677 3386 732 3448 SS.
754 3387 862 3448 Patres
881 3387 1040 3468 postulare
1056 3388 1112 3450 im·

185 3477 376 3558 peratoriam
402 3478 680 3556 confirmationem,
697 3497 753 3542 seu
768 3479 889 3544 civilem
906 3482 1109 3560 sanctionem,
