2586 4020
192 313 249 375 {12
394 324 623 376 usururroacs
644 325 727 374 rums
752 327 907 379 emoriar.

190 471 249 534 bus
261 489 346 552 saepa
362 471 415 533 diu
428 471 585 536 duraturis
595 470 666 533 fluis
680 471 870 552 imponatur,
895 490 932 535 ac
956 474 1120 542 hominum

190 563 232 624 ad
243 561 316 644 juro
331 581 402 643 sue,
420 572 453 625 et
465 584 515 626 res
537 584 610 626 suas
624 563 784 646 injudicio
801 564 1015 631 defendendas
1030 571 1121 652 igna-

189 657 242 718 via
253 658 452 735 excitaretur,
460 658 500 719 nb
514 657 688 739 periculum
697 657 878 720 amittenda
890 679 949 740 per
957 665 1119 746 praescrip.

189 749 307 812 tionem
321 751 367 813 rei
386 769 471 829 sues,
492 749 519 812 si
533 755 674 832 repetere
698 769 768 812 eam
793 750 958 833 injudicio
977 757 1118 838 neglige-

189 848 269 906 rent.

228 938 267 998 Et
281 937 354 998 hinc
375 955 438 998 non
456 937 579 997 tentum
595 936 628 996 in
649 935 717 997 foro
741 940 881 1016 externo,
908 940 966 1002 sed
993 940 1025 1003 in
1048 943 1116 1008 icro

189 1028 283 1090 etiam
301 1029 439 1106 interno,
459 1031 491 1090 et
508 1027 708 1089 conscientiae
724 1029 789 1090 vim
808 1047 898 1092 suern
917 1031 1013 1096 habet
1036 1052 1118 1114 pree·

188 1121 325 1201 scriptio,
343 1122 387 1182 ita
398 1124 433 1182 ut
447 1119 709 1200 qnipraescripsit,
720 1123 922 1201 postmodum
933 1144 997 1187 non
1009 1131 1117 1192 tenea·

186 1218 239 1274 tur
253 1214 374 1276 adrem
394 1212 480 1274 illem
498 1212 748 1291 restituendam,
765 1215 792 1274 si
810 1216 963 1296 resciret,
982 1218 1118 1283 alienam

188 1306 374 1382 seminasse,
391 1323 462 1368 cnm
477 1323 535 1385 per
549 1305 774 1386 usucapionem
792 1307 950 1387 legitimus
966 1313 1011 1372 rei
1035 1313 1117 1375 illius

187 1401 331 1466 dominus
345 1400 446 1461 factus
459 1398 510 1476 sit,
528 1401 660 1479 utroque
669 1397 741 1479 jure
754 1400 960 1481 approbante,
975 1406 1117 1485 quamvis

186 1495 272 1557 nullo
286 1491 449 1572 culpabilis
461 1491 655 1570 negligentia
672 1491 787 1570 prioris
799 1493 919 1555 domini
931 1494 1118 1560 intervenis-

186 1591 235 1651 set
249 1585 321 1667 (nisi
334 1603 392 1665 per
401 1582 542 1664 judicem
552 1582 584 1642 in
599 1583 758 1663 integrum
771 1584 822 1646 hic
832 1587 1074 1670 restitueretur),
1084 1594 1118 1653 ut

187 1681 301 1742 docent
312 1675 521 1740 communiter
533 1692 651 1752 omnes,
658 1674 749 1756 juxta
758 1677 862 1740 varios
873 1677 954 1760 juris
962 1685 994 1743 et
1002 1683 1116 1762 glossae

185 1775 308 1851 textus,
326 1774 356 1834 et
379 1770 404 1832 si
417 1787 474 1849 per
488 1785 627 1830 errorem
647 1769 778 1848 pristino
801 1770 930 1834 domino
953 1775 1116 1853 restituat,

185 1869 337 1946 tanquam
350 1862 488 1926 indebite
510 1860 620 1925 datum
633 1867 775 1942 repetere
799 1881 910 1943 posse,
937 1870 969 1930 et
981 1871 1016 1931 ut
1028 1887 1118 1930 suam

186 1957 359 2022 vindicare.
791 1978 794 1986 ’

225 2053 263 2114 V.
280 2052 360 2112 Gum
369 2051 520 2134 usucapio
535 2050 600 2113 sive
618 2049 812 2129 prescriptio
831 2050 872 2112 sit
885 2051 998 2114 modus
1011 2053 1116 2135 acqui-

184 2143 276 2206 rendi
290 2141 430 2223 dcmiuii,
447 2145 676 2224 consequenter
693 2145 825 2221 possunt
847 2160 956 2205 omnes
974 2147 1117 2224 prescri-

184 2236 271 2316 bere,
285 2255 341 2300 seu
355 2254 539 2318 usucapere,
555 2235 609 2317 qai
621 2241 689 2295 eunt
703 2252 820 2315 capaces
833 2236 1007 2318 acquirendi
1022 2237 1116 2300 domi-

184 2332 238 2410 nii,
252 2331 296 2394 ita
307 2333 343 2392 ut
353 2328 448 2392 etiam
460 2329 606 2406 furiosus,
620 2331 675 2391 aut
688 2345 808 2405 amens,
823 2328 873 2390 vel
883 2329 944 2391 alio
959 2348 997 2392 ex
1012 2331 1114 2414 cupite

184 2443 243 2486 usu
255 2423 385 2486 rationis
397 2423 564 2485 destitutus
576 2421 725 2483 inchoare
742 2421 869 2501 quidem
883 2421 989 2483 taliter
1002 2423 1114 2486 consti-

183 2519 269 2577 tutus
281 2515 506 2594 usucapionem
516 2532 580 2575 non
590 2513 698 2593 possit,
706 2513 806 2592 possit
815 2516 921 2576 tamen
929 2515 1112 2578 continuare

185 2625 266 2684 eam,
280 2607 305 2666 si
318 2611 423 2686 coepta
435 2607 485 2684 sit,
498 2607 573 2667 dum
589 2609 671 2667 esset
681 2623 766 2667 sanae
778 2607 909 2682 mentis3
924 2625 997 2669 cum
1009 2609 1114 2671 taliter

185 2698 370 2762 constitutus
384 2717 446 2760 non
461 2697 585 2760 desinat
598 2697 769 2778 possidere,
786 2698 870 2780 quod
890 2717 976 2762 eanae
999 2701 1113 2772 mentis

182 2791 343 2876 possidere
370 2797 519 2871 caeperat.
554 2791 699 2852 Precatio
724 2794 832 2853 tamen
858 2811 926 2855 rem
948 2794 1112 2874 possidens

183 2884 433 2948 usufructuarius
449 2931 458 2962 ,
475 2883 610 2946 creditor
631 2901 700 2945 rem
714 2883 837 2963 pignori
857 2885 916 2947 sibi
929 2885 1056 2966 datam,
1082 2891 1113 2950 et

184 2979 365 3057 universim,
379 2977 432 3059 qui
442 2995 504 3039 nou
519 2976 681 3057 possident
700 2995 757 3038 suo
774 2976 921 3055 nomine,
940 2997 1111 3061 usucapere

183 3072 234 3135 vel
247 3072 451 3153 praescribere
463 3088 526 3134 non
537 3073 678 3150 possunt,
694 3069 739 3130 nti
754 3089 811 3131 nec
823 3070 926 3132 clerici
943 3072 1028 3133 bone
1041 3090 1111 3135 suo·

183 3183 254 3226 rum
267 3164 504 3242 beneficiorum,
515 3182 587 3225 cum
596 3163 646 3225 vel
656 3161 797 3242 legitima
807 3163 851 3224 eis
861 3164 1016 3243 possessio
1032 3164 1124 3227 desit.

183 3256 234 3318 vel
254 3256 419 3338 incapaces
440 3257 502 3318 sint
525 3253 654 3317 dominii
677 3253 735 3314 sibi
750 3255 935 3334 acquirendi
952 3303 960 3334 ,
977 3257 1027 3318 vel
1042 3273 1111 3338 quae

184 3349 268 3411 hona
283 3349 410 3428 hahent,
430 3349 580 3411 canonica
598 3346 791 3409 institutione
810 3347 950 3410 obtinere
972 3349 1110 3429 debent,

184 3441 277 3504 sicuti
285 3445 391 3504 autem
400 3460 464 3504 non
478 3459 586 3504 omnes
601 3440 804 3520 prescribere
813 3440 961 3521 quoslibet
969 3443 1110 3522 possunt,

183 3535 227 3599 ita
243 3538 353 3599 contra
364 3552 514 3617 personas
533 3534 654 3616 aliquas
673 3538 775 3595 certas
793 3533 954 3614 prescribi
972 3552 1036 3600 non
1059 3553 1113 3620 po·
