2584 4022
528 277 568 326 nn
588 275 726 326 inntens.
1051 266 1088 328 15

157 439 220 506 quo
234 421 267 484 in
279 439 356 485 casu
365 421 540 484 'absolvitur
552 439 624 484 rcus
638 422 679 484 ab
693 421 842 484 instantis
854 422 948 505 hujus
958 423 1085 506 judicii,

64 571 68 580 .
156 518 317 578 reservato
329 517 435 576 tamen
448 515 626 596 actorijure
638 515 753 578 iterum
768 516 900 596 agendi,
921 519 953 578 et
973 517 1089 579 rectius

154 609 296 672 libellum
308 609 475 687 formandi,
491 615 527 670 ut
540 627 595 672 reo
610 609 824 689 provideatur,
841 627 880 670 ne
893 610 1086 690 respondero

129 689 135 712 ⁸
159 703 273 764 debeat
292 701 333 764 ad
355 700 461 781 inepte
480 703 595 782 petita,
621 704 653 766 ct
675 705 781 765 tamen
805 703 901 764 etiam
924 706 1010 766 actor
1025 721 1089 766 nen

156 796 276 858 malum
298 795 451 875 patiatur,
471 796 512 858 eb
537 795 641 875 inepte
668 796 838 858 formatum
850 795 1010 873 libellum,
1033 796 1089 858 sed

156 889 252 950 rebus
264 887 349 966 suis,
364 887 476 950 melius
490 888 574 950 huno
588 888 773 966 formando,
790 889 954 952 consulere
968 888 1087 969 possit:

157 983 190 1042 el
202 981 276 1043 hinc
287 981 312 1042 si
325 981 357 1041 in
371 978 523 1061 principio
539 983 663 1058 statim,
680 985 753 1043 ante
764 981 852 1044 litem
864 985 1085 1058 contestatam,

157 1075 253 1137 libelli
268 1073 441 1153 ineptitudo
457 1077 627 1154 appareat,
643 1074 750 1136 statim
764 1074 888 1136 libellus
910 1073 982 1137 talis
1005 1091 1025 1136 a
1038 1074 1091 1156 ju-

158 1167 227 1230 dice
244 1185 282 1228 ex
296 1167 398 1228 efficio
413 1166 501 1248 rejici
516 1167 625 1246 debet,
649 1171 681 1231 at
693 1167 740 1229 'lis
755 1185 818 1230 non
833 1168 1002 1230 contestari
1016 1173 1090 1229 ante

157 1260 297 1323 libellum
325 1253 451 1321 melius
469 1259 659 1338 formatum,
697 1259 755 1321 nisi
792 1279 830 1320 ex
858 1259 928 1324 aliis
955 1260 1089 1324 circum-

159 1353 300 1430 stantiis,
317 1359 348 1414 et
359 1347 546 1434 conjecturis
561 1353 635 1414 setis
651 1355 802 1432 appareat
815 1353 967 1431 intentio,
985 1359 1016 1414 ct
1036 1371 1088 1432 pe·

156 1446 225 1510 titio
248 1447 381 1525 actoris,
408 1445 600 1528 quostiam
621 1463 684 1508 non
711 1445 872 1510 nominata
900 1446 1022 1509 actione
1051 1465 1088 1507 ex

156 1539 303 1621 aquitate
327 1538 489 1602 obscurari
513 1539 617 1602 debet.
644 1541 724 1602 Sunt
752 1541 881 1620 insuper
904 1538 985 1618 alia,
1017 1557 1087 1621 quaa

156 1633 275 1695 faciunt
282 1632 440 1715 judicium
452 1632 579 1695 omniuo
594 1632 730 1711 nullum,
746 1633 780 1694 in
801 1632 1012 1714 competentia
1031 1633 1089 1696 sei·

156 1726 234 1789 licet
245 1725 372 1808 judicis,
388 1743 523 1806 persona
545 1725 670 1804 actoris,
692 1729 747 1788 aut
764 1727 821 1806 rei,
838 1745 908 1808 quea
920 1727 954 1788 in
968 1725 1088 1808 judicio

157 1835 268 1901 agere,
279 1823 336 1882 aut
346 1818 507 1882 conveniri
521 1837 585 1880 non
598 1821 745 1899 possunt3
763 1839 814 1881 res
828 1820 905 1900 ipsae
918 1867 926 1898 ,
943 1833 1013 1900 quaa
1026 1837 1089 1881 non

156 1918 288 1992 possunt
300 1931 408 1980 ceram
419 1912 480 1974 hoc
490 1911 597 1993 J‘udice
607 1912 751 1986 tractari3
764 1912 904 1975 defectus
917 1912 1086 1987 citationis;

158 2006 298 2068 deiectus
336 2009 368 2068 el
401 2006 527 2068 omissio
556 1998 807 2068 substantialium
836 2006 1086 2080 solemnitatum

158 2100 235 2161 ordo
246 2099 327 2180 juris
348 2101 592 2176 conservatae,
608 2099 663 2180 qui
683 2100 725 2161 ad
750 2100 957 2164 substantiam
977 2097 1088 2180 judicii

156 2193 341 2272 pertinetur,
356 2192 394 2253 de
408 2193 521 2291 quibus
533 2195 640 2254 tamen
655 2192 740 2254 alibi.

547 2360 652 2416 CAPUT
667 2361 702 2414 ll.
819 2386 821 2390 ·

448 2505 482 2545 ms
498 2502 594 2545 sumtu
612 2499 800 2542 COMPETENTE.

205 2641 217 2696 ς
231 2643 247 2687 ι.
262 2651 293 2684 ιιι
306 2649 369 2686 rone
381 2647 539 2684 consanum
552 2645 578 2680 nu
592 2645 699 2682 annun.
714 2644 744 2680 rr
758 2642 838 2676 vaurts
851 2641 927 2676 nonu
946 2640 1037 2685 currus

407 2713 583 2748 cousrrrnrrun
596 2712 681 2746 rouen
695 2709 842 2744 concurras.

199 2842 223 2903 l.
247 2839 322 2912 Quis
350 2838 434 2901 dicat
420 2839 472 2901 tur
492 2835 591 2918 juder
618 2852 716 2916 compe
718 2841 794 2908 t,ens
823 2834 857 2893 et
882 2829 969 2910 quod
988 2827 1092 2889 forum

153 2933 367 3018 competens?
387 2934 503 2994 Forum
527 2932 707 3009 competens
727 2925 817 2988 aliud
840 2941 903 2986 non
925 2925 973 2984 est
974 2935 1093 3000 q,uam

159 3024 440 3132 tribunaljudincis,
458 3023 547 3103 cujus
558 3018 791 3102 jurisdictioni
783 3037 815 3078 rn
835 3015 890 3078 tali
912 3025 1093 3074 caesareus

161 3117 288 3200 subjicit
288 3138 337 3196 ur,
354 3119 419 3180 sive
433 3115 486 3178 ubi
502 3133 574 3176 reus
587 3115 627 3174 ab
637 3116 743 3173 actore
757 3107 918 3173 conveniri
929 3103 1043 3183 potest,
1057 3119 1095 3163 ae

162 3211 304 3289 debet,
291 3215 383 3297 Juxta
350 3209 501 3286 tillnd,
527 3206 613 3288 quod
638 3203 797 3267 ordinarie
816 3201 919 3261 forum
942 3196 989 3258 rei
1009 3201 1097 3259 aeter

161 3324 252 3396 sequi
243 3304 401 3367 debeat:
423 3306 454 3366 et
441 3302 550 3365 thino
568 3299 667 3381 judex
690 3297 871 3376 competens
892 3291 1005 3356 dicitur
1019 3291 1093 3365 illc,

163 3399 253 3482 cujus
270 3395 487 3502 jurisdictioni
504 3393 669 3476 subjicitur
691 3407 784 3469 reris,
809 3386 876 3450 sive
899 3403 1007 3450 coram
1033 3400 1096 3467 quc

164 3492 247 3559 aetio
264 3495 295 3560 et
306 3487 346 3553 hs
354 3507 506 3576 proponi
522 3485 660 3563 institui,
675 3503 713 3547 ae
727 3481 809 3549 liniri
823 3483 938 3566 petest.
