2584 4022
205 249 244 310 '12
414 256 642 308 rusnrunonss
662 256 745 304 runis
767 255 920 304 osuourcr.

205 407 241 468 ut
254 406 349 468 testes
365 402 579 480 admittantur,
596 402 691 465 modo
704 420 743 464 ex
752 400 924 468 manifestis
937 399 1060 464 iudiciis
1078 421 1134 484 ap-

204 499 326 578 pareat,
343 497 427 578 quod
442 515 505 558 non
518 515 556 558 ex
574 496 701 558 levitate
717 495 832 572 animi,
852 497 906 556 aut
920 494 1003 572 odio,
1025 496 1080 556 sed
1096 515 1134 557 ox

204 587 271 653 nelo
282 586 410 672 justitiae
425 593 456 653 et
466 608 572 653 amore
586 589 660 650 fidei
675 589 844 668 deponant.

244 685 416 746 Accusatus
429 684 468 746 de
483 682 623 761 crimine,
636 681 724 762 gravi
740 681 857 742 scilicet
870 682 1026 760 pendente
1041 701 1132 745 accu-

203 775 340 854 satione,
363 794 426 838 uon
448 776 542 838 debet
561 774 682 837 admitti
709 774 750 834 ad
768 773 999 837 testificandum
1016 775 1049 837 in
1070 776 1132 837 alia

203 887 298 931 causa
312 865 483 946 criminali,
505 875 716 948 praeterquam
732 867 765 928 in
780 865 961 930 criminibus
981 869 1127 949 exceptis

203 964 354 1026 Censetur
370 961 471 1039 enim,
493 961 569 1022 dum
581 960 738 1022 accusatio
753 959 888 1040 pendet,
906 965 1038 1040 gravata
1048 961 1130 1023 illius

202 1051 400 1132 existimatio,
423 1072 495 1115 oum
513 1055 620 1116 tamen
633 1056 728 1116 testes
747 1051 780 1113 in
795 1071 891 1114 causa
913 1049 1064 1116 criminali
1078 1054 1131 1116 de-

200 1146 298 1209 bcant
310 1165 378 1208 esse
392 1146 477 1209 omni
491 1146 671 1226 exceptione
689 1144 842 1226 majores3
860 1145 905 1208 ita
923 1153 959 1208 ut
978 1165 1036 1208 nec
1055 1165 1131 1228 pen-

202 1239 295 1302 dente
308 1238 528 1319 appellatione,
547 1237 573 1299 si
588 1236 627 1300 dc
643 1236 771 1300 crimine
786 1237 1012 1300 condemnatus
1025 1241 1130 1319 appel-

200 1332 286 1410 lavit,
303 1333 336 1393 in
349 1349 443 1394 causa
457 1329 610 1393 criminali
626 1331 666 1392 ad
677 1329 908 1399 testificandum
924 1330 1126 1407 admittatur3
1224 1401 1227 1406 ,

201 1425 344 1506 quamvis
360 1411 524 1487 accusatus
544 1423 666 1486 admitti
681 1422 789 1502 possit,
805 1427 841 1486 ut
853 1425 956 1503 testis,
973 1426 1128 1504 pendente

200 1517 399 1580 accusatione
413 1516 445 1578 in
461 1517 562 1579 causis
581 1516 739 1592 civilibus,
754 1517 804 1577 vel
819 1516 951 1580 civiliter
963 1519 1050 1596 actis,
1065 1536 1128 1579 nou
1186 1598 1188 1602 .

199 1616 305 1672 tamen
326 1613 360 1672 ut
375 1609 458 1673 omni
483 1609 663 1689 exceptione
675 1608 909 1690 majoriaciens
923 1611 1127 1691 semiplenam

198 1699 426 1782 probationem.

239 1794 505 1857 Excommunioati
542 1794 677 1876 denique
712 1793 844 1876 (majore
878 1796 1127 1859 exeommunica-

199 1887 295 1968 tione)
311 1889 351 1949 ad
365 1887 596 1950 testificandum
607 1887 639 1948 in
658 1887 774 1970 judicio
788 1889 909 1951 admitti
923 1907 986 1951 uon
999 1889 1125 1967 debent,

199 1980 272 2061 quia
290 1981 372 2041 inter
385 1979 516 2041 infames
531 1983 746 2042 numerantur.
764 1981 811 2043 Ita
825 1985 931 2044 tamen
952 1986 987 2046 ut
1002 1999 1127 2044 excom-

197 2071 374 2134 municatus
392 2090 456 2134 non
469 2073 620 2135 toleratus
635 2073 700 2134 sive
711 2074 858 2136 vitandus
871 2093 890 2135 a
898 2074 1005 2155 judice
1017 2075 1126 2154 repelli

198 2166 321 2244 debeat,
330 2165 424 2226 etiam
433 2169 522 2245 parte
532 2165 610 2227 nihil
619 2169 811 2245 opponente
824 2167 849 2228 si
860 2171 966 2229 autem
980 2168 1125 2230 vitandus

198 2277 261 2322 non
276 2259 325 2338 sit,
340 2258 437 2338 possit
451 2259 578 2340 quidem
584 2257 683 2342 judex
697 2279 716 2321 a
728 2260 924 2323 testificando
940 2280 1012 2323 eum
1026 2260 1125 2341 repel-

196 2351 276 2431 lere,
294 2353 319 2414 si
341 2352 620 2416 excommunicatio
635 2353 759 2434 publico
774 2357 849 2416 nota
868 2354 925 2432 sit,
942 2373 1005 2416 non
1018 2355 1124 2415 tamen

195 2447 408 2508 tencaturnisi
416 2465 489 2525 pars
497 2445 629 2508 adversa
638 2446 677 2509 de
686 2447 1006 2510 excommunicatione
1016 2450 1125 2509 contra

195 2537 292 2596 talem
309 2541 422 2598 testem
441 2539 576 2618 excipiat
587 2559 594 2613 ;
606 2540 758 2618 [quamvis
780 2541 863 2602 cuim
878 2541 929 2601 hic
950 2539 1043 2603 vitari
1060 2558 1123 2602 non

196 2628 324 2702 debeat,
345 2628 426 2688 sicut
446 2629 517 2705 ille,
546 2633 577 2690 et
593 2647 664 2690 oum
683 2631 742 2691 hcc
758 2631 989 2694 communicare
1003 2633 1120 2712 possit,

195 2739 258 2783 non
271 2725 377 2782 autem
391 2737 463 2782 cum
477 2719 541 2798 illc,
564 2739 637 2800 pars
649 2725 770 2800 tamen,
789 2724 837 2785 cui
853 2725 942 2787 favor
955 2725 1007 2787 hic
1022 2726 1122 2787 taetus

195 2819 252 2892 est,
270 2817 304 2876 ut
316 2832 388 2876 cum
402 2813 670 2878 excommunicato
683 2833 745 2876 non
754 2815 882 2878 vitando
891 2818 1122 2881 communicare

193 2908 306 2989 possit,
325 2926 388 2970 non
406 2910 530 2970 tenatur
551 2907 611 2970 hoc
634 2907 741 2970 favore
760 2909 818 2972 sibi
841 2929 988 2974 concesso
1003 2913 1069 2990 uti,
1092 2917 1123 2973 et

194 3008 421 3083 consequenter
442 3021 461 3064 a
483 3000 678 3064 testificando
694 3020 766 3064 eum
787 3004 938 3082 repellere
959 3010 1070 3083 potest.
1086 3005 1121 3065 In

195 3094 863 3174 criminatamenhaeresis,obiavcromfidei
872 3097 913 3158 ad
922 3095 1121 3176 probandum

192 3187 253 3249 hoc
267 3190 361 3250 etiam
374 3189 634 3251 excommunicati
649 3189 864 3251 admittuntur.

232 3281 311 3343 ΧΙΙΙ.
330 3281 463 3354 Quinam
480 3282 706 3362 prohibeantur
727 3283 808 3344 ferre
828 3281 1040 3345 testimonium
1062 3301 1119 3363 pro

191 3374 283 3436 cartis
298 3374 449 3454 personis.
462 3376 578 3453 Primo,
592 3393 656 3437 nou
673 3374 848 3438 admittitur
860 3376 947 3438 testis
958 3375 1119 3458 injudicio

189 3485 304 3556 parens
319 3485 375 3548 pro
394 3467 469 3545 lilio,
486 3474 540 3530 aut
554 3468 635 3530 filius
647 3487 704 3552 pro
724 3474 864 3552 parents,
880 3477 1010 3552 propter
1030 3477 1119 3543 natu·
