2586 4020
209 285 267 351 108
416 295 646 358 1nsr1rnrrorrs
666 297 749 350 turra
766 295 925 349 'cenoman

207 464 279 508 nem
294 442 449 509 laedantur
470 465 477 506 :
499 446 639 525 exceptio
662 461 830 528 operarum
850 449 960 508 eontra
986 448 1136 525 patronos

205 539 324 602 libertis
342 557 500 616 concessa,
517 539 558 599 ad
576 557 629 600 eas
650 557 762 619 operas
773 540 962 619 obligantes,
976 557 1045 619 quaa
1063 557 1135 601 con-

205 651 300 694 cessa
310 632 462 694 libertatis
472 649 568 693 causa
577 636 650 694 sunt
660 632 812 712 imposita
826 651 832 692 :
846 632 986 711 exceptio
994 636 1135 694 senatus·
1154 645 1157 650 ·

204 726 336 788 consulti
351 724 578 802 Macedoniani,
591 744 662 805 quae
677 725 757 786 tilios
770 725 889 786 familia
903 725 969 786 sine
980 719 1135 792 consensu

203 817 341 900 parentis
354 821 497 878 mutuum
511 816 675 896 accipienti
687 817 845 896 competit,
854 821 885 879 et
897 818 1037 900 exceptio
1049 816 1134 878 deni·

204 929 265 991 que
279 909 484 971 restitutionis
493 909 525 969 in
535 899 704 989 integrum.

242 1002 348 1065 Tertio
360 1001 543 1063 dividuntur
558 1001 767 1082 exceptiones,
788 1002 903 1065 utalia
918 1003 979 1065 sint
993 1003 1099 1066 civiles
1112 1021 1133 1064 a

198 1095 271 1176 jure
285 1094 367 1156 civili
378 1095 581 1168 introductae;
596 1093 665 1156 aliae
684 1112 759 1156 vero
779 1094 840 1156 sint
853 1095 1037 1175 pratoriaaa
1052 1115 1130 1174 praa·

201 1190 270 1250 tore
284 1186 482 1264 introducta,
500 1205 538 1247 ex
558 1187 704 1267 aequitate
725 1187 862 1268 quadam
881 1188 1032 1266 naturali,
1054 1192 1128 1266 eta,

193 1279 241 1340 -de
257 1279 370 1360 quibus
385 1279 535 1342 civilistae.
559 1279 740 1359 Exceptioni
763 1280 930 1360 opponitur
945 1281 1126 1361 replicatio,
1162 1331 1165 1336 ,

200 1390 258 1451 per
273 1391 368 1452 quam
380 1375 468 1434 actor
483 1371 620 1434 excludit
632 1373 848 1453 exceptionem
862 1374 919 1451 rei,
937 1378 968 1436 et
981 1378 1027 1436 est
1040 1374 1135 1455 quasi

201 1464 391 1544 exceptionis
413 1466 573 1544 exceptio;
594 1465 667 1526 bule
690 1469 796 1526 autem
818 1466 1013 1546 replicationi
1035 1466 1129 1547 objici

200 1560 303 1636 potest
316 1575 335 1618 a
348 1576 402 1618 reo
420 1548 609 1636 duplicatio,
628 1560 658 1618 at
673 1557 712 1617 ab
726 1561 831 1620 actore
853 1558 1040 1638 triplicatio,
1059 1565 1090 1620 et
1110 1577 1130 1620 a

199 1667 252 1710 reo
268 1649 528 1729 quadruplicatio,
541 1653 572 1711 et
583 1649 629 1710 sio
642 1649 801 1729 deinceps,
816 1650 859 1710 ita
873 1657 980 1712 tamen
999 1655 1034 1713 ut
1047 1651 1130 1732 aju-

200 1741 281 1819 dioe,
293 1743 332 1803 ne
346 1742 477 1802 nimium
496 1742 682 1804 extendatur
693 1741 848 1822 judicium
869 1743 917 1804 his
931 1743 1130 1823 allegationi-

199 1833 269 1909 bus,
286 1853 323 1894 ex
338 1834 440 1896 officio
455 1835 676 1913 possitmodua
690 1835 821 1914 praefigi.

238 1927 275 1988 Π.
300 1930 362 2011 An,
387 1930 419 1989 et
435 1927 569 2007 qualiter
589 1926 708 1988 licitum
727 1927 768 1989 sit
785 1929 1030 1990 eremmcoiooto
1048 1931 1129 1994 ecci-

195 2035 266 2098 pere
279 2018 445 2100 injudicio,
460 2020 511 2080 vel
530 2021 699 2100 appellare,
715 2021 766 2081 vel
781 2021 843 2081 alia
865 2021 1045 2082 defensione
1058 2023 1128 2088 uti?

197 2113 266 2173 Non
280 2115 402 2175 tantum
416 2112 676 2192 exciperepotest
694 2112 727 2173 in
740 2112 860 2194 judicio
877 2114 1125 2176 exeommunica-

196 2208 257 2282 tus,
274 2203 330 2265 sed
350 2205 433 2266 omni
446 2205 507 2266 alia
522 2204 703 2266 defensione
721 2205 816 2266 etiam
840 2207 1058 2285 appellationis
1081 2209 1127 2270 uti

195 2301 306 2377 potest.
323 2297 472 2378 Quamvis
487 2297 570 2358 enim
584 2315 679 2376 agere
689 2297 748 2375 ipsi
764 2297 939 2378 injudicio,
953 2303 1007 2361 aut
1019 2317 1126 2361 recon-

194 2390 311 2452 venire
325 2394 479 2468 aetorem,
502 2409 564 2452 non
579 2389 794 2469 permittatur,
820 2391 995 2454 voluntarie
1014 2409 1126 2472 provo-

195 2483 294 2544 cando
308 2482 348 2542 ad
359 2483 509 2564 judicem,
523 2501 592 2562 quaa
607 2486 714 2544 tamen
732 2483 909 2544 necessaria
931 2483 977 2546 illi
992 2488 1064 2546 sunt
1084 2487 1125 2546 ad

194 2574 407 2635 defensionem
420 2575 535 2652 media,
549 2575 601 2654 jus
616 2578 736 2636 naturae
751 2593 814 2638 non
837 2576 990 2655 permittit
1007 2576 1051 2638 illi
1068 2566 1126 2640 au-

193 2665 281 2741 ferri;
299 2667 373 2747 quin
383 2665 484 2746 ipsam
499 2666 739 2747 appellationem
749 2669 842 2730 etiam
853 2670 1001 2749 prosequi
1009 2673 1120 2748 potest,

193 2758 314 2821 etiamsi
329 2762 364 2822 ut
374 2759 418 2821 sic
432 2759 473 2822 sit
481 2763 569 2822 actor
577 2759 768 2840 principalis,
779 2761 854 2841 quia
863 2762 961 2824 utitur
969 2761 1122 2824 defensio-

191 2850 331 2933 nisjure.
1120 2909 1122 2914 .

231 2945 380 3028 Exceptio
398 2945 727 3008 excommunicationis
746 2947 890 3027 quamvis
905 2948 987 3010 inter
1007 2949 1122 3012 dilato-

189 3037 254 3100 rias
266 3043 458 3117 numeretur,
471 3045 543 3101 anta
553 3039 614 3101 litis
626 3039 884 3102 contestationem
896 3042 1052 3106 ordinarie
1068 3061 1121 3124 op·

190 3131 362 3210 ponendas,
379 3136 482 3211 potest
494 3139 601 3194 tamen
620 3132 703 3192 eain
724 3133 863 3212 qualibet
879 3137 968 3212 parte
986 3134 1117 3215 judicii,

190 3225 364 3304 etiampost
378 3225 607 3288 conclusionem
617 3225 648 3286 in
665 3227 923 3305 oausa‚usquaad
933 3229 1121 3292 sententiam

190 3315 394 3396 definitivam,
414 3315 493 3379 si'ea
512 3319 647 3380 scienter
664 3317 758 3378 etiam
770 3318 809 3380 ab
824 3318 912 3381 initio
928 3321 1043 3384 omissa
1062 3321 1120 3386 fuit

189 3409 315 3488 opponi,
333 3427 372 3469 na
383 3410 452 3490 quis
463 3429 536 3472 oum
549 3410 661 3472 animae
677 3427 741 3471 sua
751 3409 890 3489 periculo
905 3416 1119 3477 excommuni-

189 3504 258 3570 cato
274 3501 504 3576 communicare
520 3506 651 3588 cogatur
664 3549 672 3584 ,
687 3506 718 3566 et
739 3505 774 3566 ut
791 3505 891 3590 magis
918 3525 1051 3572 censura
1068 3527 1116 3580 ec·
