2584 4022
578 295 615 340 aa
636 295 774 344 sununs.
1102 281 1140 341 to

251 436 450 520 Ailegateriae
464 455 539 499 vero
554 436 721 500 dilationes
735 444 826 515 sunt,
849 455 919 519 qnae
934 438 1050 499 dantur
1069 455 1140 520 par·

209 533 308 610 tibus,
324 533 395 610 post
408 530 609 610 probationes
625 534 656 593 et
670 530 868 610 exceptiones
884 531 1025 609 auditas,
1042 531 1082 592 ad
1096 531 1141 593 al-

209 625 380 704 legandum
392 623 475 684 ultra
483 623 569 704 quid,
578 623 603 684 si
613 623 726 699 velint;
739 623 834 685 debet
842 624 926 684 enim
937 627 1008 702 post
1018 623 1141 685 auditas

210 717 411 800 probationes
430 715 625 795 interrogare
649 721 754 795 partes
775 715 884 797 judex,
911 733 987 776 num
1010 715 1142 778 ulterius

211 810 329 891 aliquid
344 809 480 888 allegare
495 809 608 886 velint,
626 812 658 870 et
672 810 713 871 ad
728 809 785 869 has
804 809 1007 888 allegationes
1026 809 1141 887 produ·

211 903 326 964 condas
342 901 551 963 concedendae
562 902 785 983 suntpartibus
799 906 863 963 tres
876 901 1051 979 dilationes,
1067 919 1142 982 qua·

211 1013 281 1057 rum
303 994 451 1075 quaelibet
465 994 594 1074 triginta
608 994 688 1072 dies,
699 995 765 1056 sive
775 1013 917 1056 mensem
931 994 1079 1056 continet.

252 1089 288 1148 ln
299 1085 392 1148 tc1tia
403 1090 492 1168 parte
499 1085 611 1166 judicii
625 1087 841 1150 conceduntur
855 1086 1020 1148 dilationes
1034 1086 1143 1148 delini·

211 1179 300 1242 tcriae
314 1182 345 1241 et
358 1177 557 1241 executoriae.
580 1179 770 1242 Definitoriae
785 1185 867 1258 sunt,
885 1199 956 1261 quae
971 1181 1087 1241 dantur
1102 1180 1144 1241 ad

214 1290 341 1335 causam
367 1271 595 1349 definiendam,
613 1274 730 1335 statuto
744 1273 863 1334 seilicet
878 1275 963 1334 cento
977 1279 1140 1352 tempore,

215 1382 276 1448 quo
292 1365 332 1426 ed
347 1363 538 1425 audiendum
559 1363 747 1426 sententiam
764 1369 871 1443 partes
884 1383 1068 1446 comparere
1089 1365 1144 1427 de-

213 1459 327 1532 beant3
342 1456 529 1518 executoriae
542 1456 706 1519 dilationes
721 1461 804 1533 sunt,
815 1475 885 1538 qoae
896 1457 1010 1519 dantur
1019 1476 1074 1519 reo
1086 1477 1144 1538 per

130 1571 133 1577 ·
215 1549 401 1612 sententiam
413 1551 632 1627 condemnato,
650 1551 690 1612 ad
705 1550 902 1628 solutionem,
919 1569 949 1612 v.
967 1569 1012 1631 g.,
1030 1552 1144 1613 facien-

215 1642 304 1722 dam,
325 1642 410 1723 quod
430 1646 555 1723 tempus
575 1643 733 1704 ordinarie
754 1647 867 1723 quarta
894 1645 1049 1707 mensium
1076 1663 1143 1705 esse

190 1744 195 1750 '
214 1735 304 1814 solet,
327 1736 371 1796 ita
387 1741 495 1797 temen
509 1740 545 1798 ut
558 1735 693 1817 ojudice
709 1737 886 1798 abbreviari
901 1740 956 1798 ant
977 1738 1145 1818 prorogari

215 1827 323 1909 possit,
337 1847 407 1909 quae
418 1827 545 1908 quidem
556 1828 720 1892 dilationes
731 1829 916 1891 executoriae
926 1829 959 1890 in
969 1830 1144 1892 actionibus

149 1999 153 2003 ἓ
214 1921 351 1982 realibus
380 1924 435 1982 aut
459 1921 673 1982 criminalibus
695 1940 767 1984 raro
796 1923 901 1984 locum
918 1923 1055 2001 habent,
1072 1941 1145 1984 cnm

215 2013 322 2076 statim
337 2013 478 2075 executio
488 2013 520 2074 in
530 2014 645 2076 talibus
654 2016 848 2093 casibusfiat,
864 2015 923 2077 nisi
933 2035 991 2096 per
1000 2015 1145 2078 accidens

216 2106 433 2167 executionem
447 2107 542 2167 talem
555 2107 631 2188 quid
648 2107 808 2188 impediat.

255 2199 438 2278 Prorogatio
452 2199 609 2261 dilationis
622 2204 690 2262 tum
705 2205 850 2262 censetur
862 2202 941 2279 fieri,
958 2202 1083 2281 qnando
1099 2201 1146 2260 di-

182 2317 184 2321 ·
216 2291 340 2353 lationis
354 2291 498 2370 labentia,
516 2293 655 2354 nondum
669 2296 775 2353 tamen
793 2294 918 2368 elapsae,
934 2295 969 2351 lit
988 2292 1142 2368 cirtensia,

218 2402 279 2464 quo
293 2383 326 2444 in
338 2402 413 2445 casu
425 2385 512 2466 prIor
526 2384 633 2445 dilatio
644 2383 748 2450 adhuc
756 2382 870 2444 durare
884 2383 1008 2460 dicitur,
1017 2383 1144 2462 etlapsa

217 2479 394 2555 prorogatae
419 2478 513 2538 etiam
537 2476 694 2538 dilationis
717 2475 869 2553 termino,
897 2493 980 2537 nova
1002 2480 1146 2536 censetur

217 2569 285 2628 fieri
299 2568 419 2646 dilatio,
428 2587 497 2650 quae
513 2569 642 2631 concedi
657 2587 719 2632 non
732 2573 835 2648 potest
848 2569 915 2631 sine
930 2570 1035 2651 aliqua
1043 2587 1145 2630 causae

219 2661 406 2740 cognitione,
415 2666 521 2723 utrum
531 2663 649 2724 scilicet
659 2681 754 2725 causa
769 2663 978 2725 concedenda
988 2659 1145 2724 dilationis

218 2753 374 2814 sufficiens
388 2755 437 2832 sit,
456 2759 515 2816 etc.
532 2756 638 2816 Prima
649 2761 755 2818 tamen
769 2755 950 2836 probatoria
965 2755 1071 2833 dilatio
1082 2771 1145 2815 non

216 2847 319 2925 potest
343 2847 527 2927 prorogari,
553 2849 628 2929 quia
655 2854 800 2928 superest
825 2848 982 2924 secunda,
1008 2848 1101 2908 tertia
1115 2848 1147 2906 et

216 2941 346 3017 quarta,
372 2940 506 3019 allegato
530 2943 561 3000 et
578 2941 710 3020 probato
731 2940 815 3021 justo
837 2941 1072 3020 impedimento.
1094 2937 1147 2998 at-

217 3028 316 3091 fectus
340 3031 497 3094 dilationis
511 3032 688 3112 preocipuus
703 3039 766 3110 est,
794 3034 893 3112 quod,
911 3049 948 3091 ea
966 3029 1143 3108 pendente,

219 3122 474 3204 officiumjudicis
482 3125 692 3205 conquiescat,
701 3143 802 3204 neque
811 3123 980 3203 quidquam
988 3122 1146 3201 agendum

218 3214 268 3292 sit,
281 3219 336 3276 aut
348 3217 563 3278 innovandum
573 3236 668 3296 super
677 3216 818 3294 articulo,
829 3233 884 3276 seu
896 3215 1042 3295 capitulo,
1053 3233 1147 3296 super

218 3325 280 3386 quo
295 3308 369 3370 data
388 3313 435 3372 est
451 3309 574 3384 dilati03
592 3310 650 3371 nisi
671 3329 744 3390 pars
764 3308 905 3389 litigans,
933 3308 981 3370 cui
998 3327 1146 3372 concesse

217 3399 277 3461 tuit
288 3400 409 3480 dilatio,
424 3403 484 3464 hac
498 3404 639 3466 nondum
652 3404 760 3482 linita,
780 3407 854 3483 agat
867 3402 898 3464 in
914 3421 1009 3465 causa
1023 3421 1091 3479 sua,
1115 3405 1146 3464 et

219 3491 250 3553 io
261 3492 331 3572 hac,
344 3513 407 3558 non
417 3495 559 3560 obstante
568 3496 728 3576 dilatione,
736 3497 876 3560 nondum
885 3494 1141 3576 tinitaprooedat.

1010 3600 1040 3656 ,t
