2586 4020
194 300 252 362 lor
403 311 632 362 usrrrurrosus
648 313 735 362 suris
756 315 911 363 circumi.

192 459 340 522 effectum
350 456 578 536 devolutirum,
591 458 664 520 etin
679 458 740 520 illis
750 477 835 540 saepe
845 460 979 538 casibus,
989 459 1042 522 ubi
1056 479 1129 522 sus-

193 551 341 632 pensivus
356 553 484 615 effectus
496 551 602 614 locum
617 553 801 631 nonhabet,
818 557 853 616 ut
863 573 902 614 ex
916 553 1007 618 dictis
1026 557 1122 633 patet.

230 647 332 708 immo
346 663 409 708 uon
421 648 545 708 tantum
559 663 655 710 causa
675 647 856 727 principalis
868 667 926 728 per
943 647 1126 729 appellatio-

194 757 266 802 nem
285 738 462 801 devolvitur
484 739 525 800 ad
536 738 677 818 judicem
701 739 742 800 ad
757 741 861 821 quem,
876 741 932 804 sed
951 742 1046 803 etiam
1058 742 1126 824 ejus

194 832 381 912 accessoria,
403 832 469 894 sive
490 849 561 912 quae
582 832 668 894 illam
689 838 936 914 consequuntur,
962 836 1002 898 ob
1022 853 1125 898 causae

194 926 314 990 scilicet
321 926 561 990 connexionem.

463 1193 613 1270 SECTIO
638 1193 852 1271 SECUNDA.

175 1424 180 1430 .
247 1379 293 1449 uu
320 1378 484 1434 sxrusuo
510 1380 687 1434 recussis
717 1380 921 1435 carnotine
949 1380 1070 1434 srsru.

236 1534 284 1614 Ad
306 1537 421 1596 statum
443 1535 574 1618 alicujus
593 1537 751 1600 societatis
772 1536 915 1619 apprime
934 1551 1127 1616 cognoscen-

196 1628 292 1710 dum,
309 1646 372 1689 nou
383 1631 506 1689 tantum
515 1627 608 1710 juvat
615 1630 773 1692 internam
784 1631 882 1710 ipsius
893 1635 1084 1693 structuram
1097 1635 1129 1694 et

196 1719 461 1802 organisationem
483 1723 699 1803 perpendere,
725 1723 781 1784 sed
809 1724 904 1786 etiam
930 1743 1057 1786 necesse
1082 1729 1130 1788 est
1241 1733 1244 1738 ’

196 1814 373 1895 expendere
388 1817 531 1878 externas
544 1816 711 1878 relationes
724 1836 803 1896 quas
815 1817 911 1878 habet
923 1835 995 1878 cum
1008 1817 1129 1880 caeteris

196 1907 407 1974 societatibus.
426 1910 596 1990 Postquam
609 1909 705 1990 igitur
722 1910 881 1972 internum
902 1910 1050 1972 Ecclesia
1068 1914 1129 1973 sta·

196 2003 284 2078 tum,
300 2001 403 2080 prima
416 2001 510 2082 hujus
524 2003 716 2065 tractationis
731 2003 886 2084 generalis
899 2004 1055 2082 sectione,
1072 2023 1130 2085 per

197 2111 320 2156 summa
332 2094 436 2173 capita
446 2094 725 2172 consideravimus,
736 2095 775 2156 ad
786 2096 940 2176 analysim
950 2095 1129 2160 revocando

197 2187 354 2267 interpam
374 2186 468 2269 hujus
492 2188 649 2250 societatis
673 2188 908 2268 dispositionem
933 2193 1000 2251 tum
1024 2189 1129 2271 quoad

196 2298 362 2364 personas,
379 2284 446 2342 tum
462 2281 565 2362 quoad
579 2300 649 2358 res,
670 2286 702 2344 et
717 2283 803 2360 satis,
817 2288 852 2344 ut
866 2302 947 2361 reor,
959 2282 1129 2362 investiga-

196 2374 299 2456 vimus
313 2374 389 2454 quid
407 2375 447 2437 sit
461 2375 601 2436 Ecclesia
615 2375 647 2436 in
664 2394 697 2436 se
712 2376 800 2454 ipsa;
820 2379 943 2455 oportet
956 2395 1039 2437 nunc
1059 2393 1129 2437 eam
1205 2455 1208 2460 Ι
1289 2431 1290 2436 ,

197 2487 269 2530 cum
283 2466 352 2528 aliis
363 2468 564 2530 societatibus
580 2486 651 2549 quas
663 2468 695 2529 in
705 2468 823 2530 muudo
836 2472 919 2546 sunt,
932 2487 1126 2548 comparare,

197 2565 232 2621 ut
244 2559 409 2640 rideamus
421 2578 490 2639 quae
502 2560 591 2641 jura,
609 2579 679 2641 quae
692 2561 795 2622 officia
812 2561 845 2621 in
860 2579 912 2623 eas
927 2561 1056 2640 habeat,
1073 2580 1128 2623 seu

195 2651 228 2715 in
243 2669 381 2732 quanam
395 2651 507 2713 morali
520 2651 671 2714 relatione
686 2671 759 2715 cum
773 2653 810 2716 iis
825 2654 1012 2717 inveniatur.

235 2745 253 2807 J
256 2762 307 2805 am
317 2761 392 2806 vero
404 2743 474 2805 dua
486 2744 554 2805 aliae
565 2745 686 2827 species
695 2746 894 2826 publicarum
903 2746 1086 2809 societatum
1095 2747 1128 2807 in

196 2838 314 2900 mundo
336 2841 409 2899 suut
431 2841 548 2917 praeter
569 2838 741 2900 Ecclesiam
760 2838 965 2918 catholicam,
983 2839 1129 2904 videlicet

196 2932 360 2995 societates
380 2931 533 3012 politica,
558 2937 589 2993 et
607 2932 772 3013 religiosae.
797 2933 873 2995 lude
899 2932 967 2994 haec
990 2933 1128 2996 secunda

195 3029 347 3090 tractatus
361 3025 518 3106 generalis
529 3025 625 3088 sectio
641 3025 791 3089 dividitur
802 3027 833 3087 in
849 3025 927 3086 duas
941 3029 1065 3106 partes:

237 3123 335 3202 l⁰‚De
350 3112 563 3202 relationibus
584 3119 665 3181 iuter
688 3120 860 3182 Ecclesiam
883 3118 1070 3182 catholicam
1097 3126 1129 3181 et

196 3212 302 3274 civiles
317 3230 373 3274 seu
386 3213 531 3292 politicas
545 3213 739 3292 respublicas
749 3233 773 3288 ς.

233 3309 268 3366 2⁰
288 3309 333 3368 De
359 3305 563 3370 relationibus
587 3307 669 3369 inter
692 3305 864 3368 Ecclesiam
887 3306 1075 3370 catholicam
1097 3310 1128 3370 et

195 3396 450 3476 pliassocietates
463 3419 518 3461 seu
533 3399 768 3462 communiones
783 3399 955 3496 religiosas.

679 3573 685 3582 v
