2578 4012
129 267 133 274 ’
190 293 248 352 ast
400 303 911 354 166666666661661661666161.

188 449 235 511 sia
243 448 413 511 cathedrali
430 453 551 530 spectat
564 449 606 510 ad
618 450 701 511 solos
723 450 909 528 canonicos,
932 451 1061 514 minime
1079 453 1120 515 ad

189 543 392 622 presbyteros
406 542 639 622 participantes.
655 544 793 624 (116661.
815 543 914 623 1111.)

228 641 259 698 1ο
274 636 400 698 Missam
412 636 651 697 conventualem
664 636 839 696 canendam
852 655 920 697 esse
938 638 1078 718 quotidie
1088 639 1121 700 in

189 729 421 792 cathedralibus
435 728 550 806 pluries
568 728 740 790 declaravit
755 729 786 790 S.
806 731 840 792 G.
857 731 984 791 Rituum
1004 731 1054 812 (11
1072 731 1120 812 ja-

189 841 278 884 nuar.
293 823 380 899 1603,
393 825 431 883 15
442 821 525 902 junii
535 821 636 900 1611),
650 824 709 882 616.
723 841 731 894 ;
745 825 777 883 61
788 822 884 884 ctiam
896 823 998 884 inillis
1009 823 1121 886 diebus

189 915 302 996 quibus
331 917 459 976 cantant
491 915 630 994 aliquam
657 914 786 976 missam
809 916 959 976 votivam.
989 917 1120 996 (Eadem

188 1026 279 1086 cong.
295 1009 329 1067 11
344 1006 424 1086 junii
441 1007 542 1086 1611.)
560 1007 597 1069 ut
612 1007 780 1068 canonicus
795 1008 845 1068 vel
866 1006 946 1068 alius
972 1008 1120 1070 sacerdos

189 1101 243 1180 qui
270 1100 407 1160 celebrat
429 1100 557 1160 missam
587 1101 827 1162 conventualem
854 1100 886 1159 in
912 1119 975 1179 qua
1003 1101 1119 1162 chorus

187 1196 311 1256 tenetur
324 1195 450 1253 cantare
464 1193 652 1270 symbolum,
668 1210 731 1254 non
750 1194 853 1270 potest
870 1193 956 1254 illam
970 1194 1118 1273 prosequi

188 1304 225 1348 6ο
237 1288 378 1366 tempore
403 1303 464 1365 quo
485 1285 615 1347 achoro
629 1288 773 1346 cantatur
793 1284 971 1363 symbolum
986 1286 1119 1365 praedic-

187 1382 264 1441 tum.

226 1472 258 1533 5⁰
271 1471 381 1534 Missas
392 1471 587 1550 pontificales
606 1470 785 1547 celebrare,
801 1471 930 1533 absente
950 1471 1115 1550 episcopo,

188 1564 323 1644 pertinet
333 1563 371 1623 ad
383 1562 518 1642 primam
531 1563 716 1643 dignitatem
728 1565 777 1626 vel
790 1565 831 1624 ad
842 1563 1052 1643 antiquiorem
1066 1582 1117 1624 ca-

188 1656 351 1732 nonicum,
365 1673 428 1716 non
444 1657 550 1716 autern
567 1655 605 1716 ad
620 1656 806 1718 canonicum
821 1656 1114 1718 hebdomadarium.

187 1749 234 1830 (S.
253 1749 286 1809 G.
305 1747 364 1809 Rit.
388 1749 427 1808 10
448 1747 573 1828 januar.
604 1751 703 1827 1591.)
722 1749 754 1811 Si
773 1768 848 1811 vero
864 1749 903 1811 sit
926 1749 1117 1810 consuetudo

186 1841 421 1903 immemorialis
442 1841 526 1922 quod
555 1841 595 1902 ad
615 1841 801 1904 canonicum
820 1841 1115 1918 hebdomadarium,

186 1933 1118 2014 veladarchipresbyterum‚licetnonsitprimadignitas‚vel

188 2027 228 2088 ad
244 2027 338 2088 aliam
359 2026 543 2106 dignitatem
563 2025 743 2105 hujusmodi
762 2027 938 2088 functiones
962 2029 1116 2106 spectent,

145 2125 147 2128 ’
188 2120 397 2182 servandaest
412 2119 604 2180 consuetudo
616 2137 685 2198 quae
697 2137 761 2180 non
770 2120 889 2180 tollitur
898 2138 956 2199 per
969 2135 1119 2180 caeremo-

188 2213 280 2275 niele.
300 2213 346 2294 (S.
360 2213 458 2290 Gong.
476 2212 536 2273 Rit.
552 2215 590 2272 15
600 2211 667 2291 jan.
684 2213 783 2288 16111.)

353 2363 378 2402 V.
388 2370 420 2402 D!
430 2368 547 2420 canonrco
560 2367 685 2402 THEOLOGO
699 2367 729 2400 u·
741 2363 957 2402 mmmmm]

226 2483 250 2542 l.
268 2480 312 2541 Dc
334 2478 468 2539 canonico
481 2478 714 2559 poeoitecticrio.
729 2480 809 2538 -l⁰
830 2476 947 2539 Electio
962 2476 1118 2556 poeniten-

187 2571 269 2634 tiarii
296 2571 557 2651 quandocumque
581 2571 726 2632 facienda
746 2570 786 2631 ad
808 2571 909 2632 solum
932 2569 1117 2649 episcopum

187 2665 306 2745 absque
319 2664 608 2742 consensucapituli
623 2663 768 2743 pertinet.
781 2663 1023 2727 Collatioautem
1036 2680 1117 2741 pree-

185 2758 297 2821 566166
311 2757 406 2818 unita
421 2755 523 2818 officio
544 2756 766 2837 poenitentiarii
778 2757 817 2817 ab
833 2755 893 2818 illic
907 2755 978 2837 ficri
999 2755 1113 2832 debet,

187 2853 227 2916 ad
251 2871 329 2932 quos
350 2853 443 2912 antea
457 2851 628 2931 spectabat.
654 2851 695 2923 (S.
726 2851 869 2911 (16666.
896 2867 969 2909 ann.
993 2847 1117 2909 circiter

187 2948 287 3021 1581.)
302 2943 412 3021 Hodie,
429 2947 500 3022 post
514 2947 611 3004 const.
628 2939 794 3003 Pastorclis
806 2940 913 3024 officii,
930 2939 1115 3002 electionem

186 3035 407 3118 poenitentiarii
423 3035 594 3098 debetfieri
606 3054 663 3116 per
675 3053 872 3098 concursum.

226 3129 459 3192 Poenitentiaria
471 3147 597 3206 varane,
613 3129 687 3190 sede
703 3126 873 3209 episcopali
893 3128 1037 3204 vacante,
1050 3143 1114 3187 uon

186 3225 289 3301 potest
311 3223 470 3303 provideri
488 3218 948 3302 6666116161,611666166116116
973 3219 1114 3300 preben-

187 3314 299 3376 darum
313 3319 394 3377 essct
408 3315 582 3378 communis
596 3314 734 3395 episcopi
749 3314 780 3373 61
794 3311 940 3391 66611611,
957 3313 1007 3375 vel
1019 3311 1114 3374 etiam

186 3403 282 3468 solius
300 3409 437 3485 capituli.
452 3409 494 3482 (S.
510 3410 606 3485 (long.
625 3425 666 3482 c.‚
680 3404 763 3483 apud
780 3403 931 3482 Garoias.)

94 3573 97 3582 Ι
226 3500 256 3555 1ο
271 3498 444 3559 Cononicus
462 3495 711 3575 poenitentiarius
725 3495 869 3574 deputari
885 3496 989 3573 debet,
1007 3495 1061 3576 qui
1074 3495 1115 3558 sit
