2578 4012
368 263 406 311 on
428 265 568 312 aurunco
590 265 742 312 eucrasia
764 265 870 312 suero.
1057 251 1112 312 ltlt

186 409 278 471 simul
290 409 445 470 diceretur
455 408 539 488 quod
553 407 667 470 veritas
681 407 833 486 inciperet
847 425 914 470 esse
932 409 964 469 in
988 411 1111 470 contra·
1163 425 1164 428 ’

186 501 338 582 dicterio(
358 501 380 580 ).

222 598 255 656 2⁰
276 597 358 673 Ergo
383 612 445 654 non
463 596 593 673 possunt
611 592 744 673 spectari
763 593 858 654 variae
877 593 1111 656 communiones

180 687 336 767 religiosa
349 690 498 766 tanquam
514 687 644 748 diversae
658 689 767 765 gentes
783 686 882 747 altera
896 687 936 748 ab
951 688 1050 750 altera
1064 687 1111 748 iu-

181 779 392 860 depeudentes
407 779 581 844 secuudum
592 779 746 858 principia
757 778 838 859 juris
856 781 996 859 gentium
1008 779 1111 842 consi-

180 873 308 934 deratae.
325 873 399 932 Haec
415 872 498 933 enim
512 875 723 951 supponerent
739 870 907 952 juridicam
929 878 959 933 et
973 871 1108 951 legalem

181 964 320 1027 omnium
335 963 541 1039 existentiam,
555 963 640 1042 quod
656 968 704 1025 est
720 963 902 1041 absurdum,
920 967 951 1026 et
969 965 1000 1024 in
1022 982 1107 1024 eum·
1190 956 1195 966 '

180 1058 252 1118 dem
265 1075 393 1118 censum
404 1043 570 1117 reduceret
581 1057 746 1119 veritatem
758 1075 830 1118 cum
848 1075 954 1118 errore
965 1057 1049 1136 quod
1061 1059 1108 1118 eat

179 1150 334 1228 impium,
362 1148 515 1228 obligaret
539 1149 709 1212 veritatem
724 1150 764 1210 ad
791 1149 1103 1230 recognoscendum,

179 1242 441 1318 conservandum,
459 1242 611 1302 tuendum
624 1260 772 1304 errorem.

218 1338 249 1396 3⁰
271 1335 348 1396 lnde
376 1333 511 1395 concidit
532 1336 669 1411 systema
698 1333 736 1394 de
760 1334 1015 1396 indifferentismo
1035 1335 1108 1398 reli-

177 1429 265 1508 gioso
286 1445 358 1488 cum
372 1426 445 1488 suis
458 1425 601 1487 omnibus
621 1425 791 1488 corollariis
811 1427 850 1488 de
867 1427 1010 1490 libertate
1032 1428 1106 1490 doc-

176 1520 278 1597 trinae,
298 1519 337 1579 de
351 1519 495 1580 libertate
515 1519 635 1596 cultus,
657 1518 696 1580 de
717 1519 860 1581 libertate
880 1520 1101 1594 conscientiae;

177 1613 263 1672 nulla
282 1612 364 1672 enim
384 1611 510 1672 moralis
531 1611 659 1673 libertas
683 1611 800 1673 homini
819 1613 914 1674 asseri
936 1617 1038 1691 potest
1052 1614 1103 1675 uel
1135 1655 1139 1676 ,

173 1705 226 1787 jus
239 1703 443 1783 permanendi
454 1704 486 1764 in
501 1721 617 1765 errore.

531 1813 686 1922 raedae
707 1863 744 1922 u.

405 1965 419 1996 Ι

212 2022 250 2082 ll.
259 2019 407 2081 Proescatr'
415 2017 615 2082 Procr'dcutr'oe
625 2019 726 2080 ordine
735 2021 1103 2100 uocsuperaoturalc'srelz'·

173 2112 1102 2194 pioveraessepotest.Ratio,quiapraeseusProvidentiaeordo

175 2207 297 2266 nonest
312 2205 387 2265 ordo
403 2224 480 2282 pure
492 2205 653 2280 naturalis,
669 2204 719 2266 cui
734 2205 843 2284 religio
857 2206 1002 2284 quaedam
1016 2225 1102 2268 mere

174 2297 323 2358 naturalis
337 2297 515 2358 satisfaciat.
529 2298 650 2357 Placuit
667 2297 751 2357 enim
769 2300 833 2357 Deo
852 2298 1005 2377 quasdam
1020 2298 1102 2358 vcri-

173 2392 253 2451 tates
267 2389 497 2470 supernaturali
510 2389 604 2450 modo
615 2388 793 2452 hominibus
808 2389 960 2468 revelare,
978 2389 1018 2450 ad
1033 2409 1102 2451 eas-

204 2562 236 2626 (t)
253 2561 319 2614 Vide
332 2561 390 2626 syll.
407 2560 546 2625 encyclicae
559 2555 667 2622 Quanta
682 2573 751 2612 cura
761 2560 912 2612 adnexum:
927 2563 1005 2626 Prop.
1023 2563 1099 2614 dom-

172 2641 262 2686 natm:

204 2711 324 2764 LXXVll.
344 2712 430 2761 AEtate
450 2710 500 2760 huc
517 2713 609 2761 nostra
625 2725 679 2760 non
694 2712 808 2775 amplius
820 2711 928 2776 expedit
942 2713 1098 2777 religionem

171 2787 327 2838 catholicam
343 2787 438 2836 baberi
456 2789 583 2850 tanquam
596 2786 701 2835 unicam
714 2789 797 2836 status
811 2787 984 2851 religionem,
998 2790 1099 2839 cacteris

171 2863 383 2928 quibuscumque
396 2861 512 2910 cultibus
524 2861 647 2912 exclusis.

202 2938 333 2989 LXXVlll.
352 2937 420 2986 llinc
434 2935 603 2986 laudabiliter
619 2936 647 2984 in
666 2938 825 3000 quibusdam
843 2939 966 2989 catholici
981 2939 1099 2997 nominis

169 3013 324 3078 regionibus
337 3016 445 3063 cautum
457 3014 507 3074 est,
518 3013 547 3059 ut
558 3009 712 3061 hominibus
725 3013 787 3062 illuc
797 3013 1012 3078 immigrantibus
1021 3015 1099 3067 liccat

170 3089 307 3153 publicum
321 3087 422 3150 proprii
435 3086 564 3152 cujusque
576 3085 662 3136 cultus
674 3088 829 3138 exercitium
841 3089 947 3139 habere.

202 3160 309 3214 Lilltlll.
328 3163 468 3213 Enimvero
478 3161 576 3210 falsum
588 3164 637 3224 est,
648 3163 753 3213 civilem
769 3165 898 3228 an'usque
911 3167 997 3216 cultus
1015 3164 1096 3216 liber-

169 3243 260 3304 tatem,
275 3237 393 3303 itemque
411 3239 519 3300 plenam
535 3239 693 3300 potestatem
706 3239 830 3289 omnibus
845 3241 1000 3291 attributam
1017 3255 1096 3306 quas-

168 3315 235 3366 libet
244 3316 385 3381 opiniones
398 3312 625 3377 cogitationesque
635 3313 723 3376 palam
732 3315 891 3380 publiceque
901 3315 1097 3384 manifestandi,

169 3390 317 3442 conducere
336 3391 370 3440 ad
386 3387 545 3453 populorum
564 3401 652 3437 mores
677 3388 833 3452 animosque
859 3391 962 3443 lucilius
978 3407 1097 3445 corrum-

167 3467 278 3531 pendos,
291 3480 322 3518 ac
331 3461 547 3516 indifferentismi
557 3464 659 3528 pestem
671 3465 878 3530 propagandam.
