2584 4022
161 247 202 326 66
366 251 595 334 rusrrrurm'uas
616 259 699 306 rums
721 257 874 308 emoriar.

163 404 204 467 da
218 402 291 466 facti
301 402 501 485 probatione
518 403 558 466 de
565 403 646 485 juris
658 403 959 484 autemprobatioue
972 405 1095 468 admitti
1172 441 1175 446 -

163 515 227 560 non
239 496 343 575 debet,
360 515 431 559 cum
444 515 491 574 ea,
509 513 578 578 quae
588 497 668 578 juris
681 503 764 575 sunt,
779 515 843 558 non
853 497 1016 577 indigeant
1025 516 1096 577 pro·

162 589 300 668 batione,
317 593 468 670 tanquam
482 608 539 669 per
551 607 585 652 se
600 593 697 668 certa,
717 593 748 651 et
758 589 857 672 judici
873 593 957 652 nota.

111 702 114 708 ·
202 683 282 746 Vlll.
308 681 367 745 Cui
382 682 529 744 incumbat
544 703 614 744 onus
629 681 797 764 probandi,
820 682 950 766 calquis
967 682 1096 764 probare

163 774 276 848 debeat.
293 774 470 838 Affirmanti
486 775 668 838 incumbere
681 794 760 838 onus
772 774 927 854 probandi
941 775 1098 852 ordinarie

164 866 338 932 communis
351 868 462 946 regula
473 868 575 945 docet,
587 872 618 948 et
630 867 703 928 hino
715 867 823 930 tamin
837 867 992 945 civilibus,
1002 887 1098 948 quam

163 961 197 1023 in
213 959 449 1036 criminalibus,
474 966 540 1022 tam
559 960 591 1021 iu
607 959 842 1040 spiritualibus,
861 979 957 1040 quam
977 964 1098 1040 tempo-

162 1051 292 1128 ralibus,
304 1057 377 1129 eta,
389 1058 477 1115 actor
490 1052 555 1115 sive
569 1058 733 1114 accusator
742 1052 879 1132 probare
894 1052 989 1114 debet
1007 1071 1098 1114 suam

164 1143 416 1222 affirmationem,
425 1149 535 1208 atreus
543 1163 632 1206 snam
641 1145 856 1224 exceptionem
865 1145 1095 1222 sisinnatium,

164 1235 225 1297 nisi
252 1235 394 1300 absolute
421 1237 460 1298 ob
494 1237 772 1318 praesumptionem
796 1236 876 1318 juris
907 1257 963 1316 pro
993 1242 1097 1300 actore

162 1331 265 1392 totum
276 1329 431 1410 probandi
442 1349 521 1392 onus
535 1330 742 1392 transferatur
755 1331 787 1390 in
798 1330 1023 1402 adversarium.
1041 1331 1097 1392 Vel

164 1421 223 1483 nisi
235 1423 386 1502 spontein
395 1441 428 1483 se
441 1423 595 1503 receperit
606 1441 679 1484 reus
693 1423 946 1503 onusprobnndi,
956 1426 1011 1484 aut
1022 1441 1040 1482 a
1047 1421 1095 1503 ju-

164 1513 233 1576 dice
242 1513 457 1598 juramentum
472 1515 666 1594 probationis
678 1515 747 1576 loco
760 1533 814 1576 reo
828 1514 997 1592 deferatur,
1011 1514 1095 1596 quod

164 1607 308 1685 accipere
321 1605 424 1668 debet.

203 1699 243 1766 nt
257 1697 400 1779 quamvis
415 1699 477 1777 ille,
493 1699 545 1779 qui
561 1700 702 1763 absolute
717 1704 811 1781 negat
823 1700 940 1793 factum
954 1701 1092 1781 aliquod,

164 1810 227 1857 non
241 1795 386 1856 teneatur
408 1794 563 1872 probare,
582 1812 619 1857 eo
640 1793 725 1874 quod
748 1793 892 1872 negantis
906 1794 1025 1856 iactum
1039 1812 1095 1874 per

162 1904 269 1947 rerum
293 1889 438 1948 naturam
461 1886 538 1971 (sive
563 1889 737 1950 secundum
758 1906 884 1949 cursum
907 1890 1028 1968 naturae
1050 1888 1094 1947 lo·

164 1979 300 2060 quando)
314 1979 400 2040 nulla
411 1979 451 2041 sit
463 1972 617 2058 probatio,
633 1984 665 2042 et
682 1999 745 2042 non
757 1975 837 2042 entis
848 1979 943 2042 nullae
957 1979 1018 2041 sint
1037 1979 1093 2040 dif-

163 2071 323 2148 ferentiae,
346 2071 569 2152 proprietates,
590 2072 805 2149 definitiones,
826 2079 885 2135 etc.
901 2119 908 2149 ,
927 2072 1092 2152 exquibus

164 2163 365 2244 probationes
376 2163 496 2226 desumi
508 2164 632 2242 debent,
640 2168 854 2244 potesttamen
867 2182 1092 2244 nonnunquam

163 2274 221 2338 per
240 2256 456 2339 juramentum
469 2257 632 2339 proprium
647 2259 796 2335 delatum,
812 2256 982 2338 propositio
998 2257 1091 2317 etiam

164 2352 311 2434 negativa
321 2354 464 2433 probari3
480 2354 597 2434 velper
608 2353 929 2434 praesumptiones,ita
939 2358 973 2413 ut
983 2351 1092 2413 saltem

164 2460 242 2524 onus
266 2444 421 2522 probandi
443 2446 475 2505 in
502 2447 717 2507 adversarium
738 2445 913 2526 rejiciatur;
938 2445 988 2506 vel
1009 2443 1092 2525 quod

163 2550 259 2610 super
273 2536 420 2610 negativa
435 2537 646 2614 propositione
661 2538 772 2599 fundat
785 2538 991 2599 intentionem
1003 2555 1093 2600 suam

164 2623 320 2702 allegans3
336 2625 386 2684 vel
400 2643 457 2704 per
478 2628 621 2704 negantis
635 2629 796 2707 propriam
811 2630 1049 2707 confessionem,
1067 2630 1092 2690 si

163 2721 269 2780 tamen
286 2715 357 2778 talis
372 2717 523 2779 confessio
539 2718 682 2799 probatio
696 2721 757 2782 dici
772 2727 884 2800 potest.

203 2807 359 2886 Quinimo,
376 2809 402 2870 ai
418 2811 588 2890 propositio
612 2813 759 2891 negativa
782 2814 855 2876 faeti
884 2817 1093 2880 determinata

162 2901 203 2964 sit
222 2901 263 2963 ad
285 2907 405 2963 certum
425 2901 547 2982 locum,
568 2910 703 2986 tempus,
726 2907 776 2968 vel
791 2908 868 2970 alias
889 2909 1093 2972 circumstan-

162 2995 239 3074 tias,
261 2998 364 3076 potest
384 2997 510 3076 probari
525 2999 635 3063 saltem
657 2999 819 3078 indirecta,
842 3002 1091 3065 circumstantias

163 3088 252 3166 tales,
275 3108 345 3169 quae
360 3091 417 3151 sub
432 3109 559 3154 sensum
577 3093 711 3171 cadunt,
728 3094 890 3172 probando
912 3095 955 3174 (et
973 3095 1017 3156 sic
1037 3095 1090 3174 qui

163 3180 274 3241 asserit
286 3201 319 3242 se
335 3182 389 3243 tali
402 3186 542 3264 tempore
561 3185 594 3246 in
607 3187 676 3248 loco
696 3187 750 3248 tali
766 3205 828 3250 non
847 3187 958 3264 fuisse,
977 3187 1091 3266 probat

164 3270 353 3358 negativam,
371 3293 404 3335 se
415 3294 475 3338 non
490 3277 639 3340 occidisse
653 3280 749 3341 talem
763 3279 795 3340 in
807 3280 861 3341 tali
875 3281 955 3357 loco,
973 3299 1006 3341 se
1018 3298 1090 3342 cum

163 3363 224 3449 lroc
242 3381 305 3425 nou
320 3369 509 3430 contraxisse
525 3369 577 3431 tali
591 3377 744 3450 tempore,
759 3373 851 3454 ete.);
875 3373 925 3436 vel
937 3373 962 3435 si
976 3393 1089 3455 propo·
1210 3449 1215 3461 ¹

163 3455 233 3520 sitio
244 3457 390 3537 negativa
405 3460 478 3524 lacti
490 3480 657 3544 praegnans
669 3465 723 3544 sit,
746 3467 920 3532 virtualiter
934 3470 1047 3534 saltem,
1059 3475 1090 3532 et
