2578 4012
202 269 261 330 220
406 281 633 330 rasni-orionas
655 283 737 332 roms
759 285 914 332 ceremon

201 425 368 504 nario,ncc
377 445 475 506 nepos
488 428 536 490 vel
547 429 628 490 filins
637 429 742 492 fratris
754 429 894 510 episcopi
904 429 947 510 (S.
964 433 1061 512 (long.
1074 451 1128 512 em

202 522 233 582 et
241 538 308 598 reg.
322 523 359 583 19
371 523 450 600 sept.
462 521 569 601 l577);
585 541 644 584 nec
654 523 760 600 irater,
775 524 949 602 praesertim
961 524 987 585 si
1000 543 1064 587 non
1081 527 1132 590 eat

202 613 312 675 doctor
327 615 371 694 (S.
391 616 488 693 (long.
508 633 558 694 cp.
581 619 600 676 2
620 616 689 678 dec.
709 615 815 695 1578);
834 616 928 678 debet
942 635 1010 678 esse
1033 617 1131 679 licen·

200 705 295 768 tiatus
306 707 357 768 vel
368 707 479 769 doctor
488 707 520 768 in
531 706 603 788 jure
613 707 762 770 canonico
787 708 831 788 (S.
844 710 942 788 (long.
955 728 1005 789 ep.
1019 713 1127 790 etreg.

200 801 219 860 6
235 802 294 860 oct.
314 802 402 877 1615,
420 802 451 862 et
463 799 633 880 saepissime
646 799 778 880 postea).

240 891 492 953 Poenitentierius
513 910 576 953 non
591 896 774 972 potestesse
800 891 935 953 vicarius
958 895 1129 972 generalis,

200 1001 239 1045 ne
254 984 463 1064 suspicionem
477 983 610 1063 ingerat,
636 984 720 1064 quod
734 983 767 1043 in
779 983 1048 1048 administratione
1062 987 1075 1068 j

199 1074 275 1136 titiae
290 1076 538 1138 utaturscientia
548 1077 761 1139 confessionis.
777 1077 821 1157 (S.
836 1077 934 1156 (long.
950 1096 999 1157 cp.
1015 1079 1127 1160 najan.

240 1261 425 1324 2⁰Vicarius
437 1262 599 1342 generalis
621 1261 716 1324 etiam
736 1262 803 1322 sine
831 1263 960 1341 speciali
980 1266 1131 1328 mandato

199 1357 302 1436 polest
316 1356 501 1417 confirmare
516 1355 631 1418 electos
653 1357 685 1417 et
693 1355 854 1417 instituere
869 1361 1074 1434 praesentatos
1088 1359 1131 1419 ad

196 1447 443 1528 jnspatronatus.
460 1449 551 1528 (Rota
565 1452 597 1509 et
610 1450 707 1510 Sacra
720 1449 832 1527 Gong„
844 1449 930 1527 apu'd
943 1450 1088 1530 Barbas.)

238 1541 270 1601 3⁰
291 1539 433 1603 Vicarius
454 1540 609 1619 generalis
633 1540 700 1602 sinc
720 1539 848 1620 speciali
862 1543 1012 1604 mandato
1026 1545 1133 1622 potest

198 1631 366 1694 monitoria
380 1633 438 1694 sub
452 1650 547 1711 poena
561 1633 892 1695 excommunicationis
904 1635 946 1696 ad
963 1636 1058 1698 finem
1080 1653 1132 1696 re·
1254 1653 1255 1668 ¹

198 1723 363 1787 velationis
374 1743 432 1804 pro
445 1725 538 1786 rebus
552 1723 733 1804 deperditis,
751 1743 808 1787 seu
821 1726 1005 1788 substractis
1018 1745 1130 1790 conce-

199 1818 274 1879 dere
289 1837 296 1878 ε
313 1816 357 1878 sie
381 1817 497 1896 pluries
511 1817 686 1878 declarasse
702 1817 789 1879 Secr.
806 1818 904 1896 (long.
923 1836 1013 1882 cone.
1034 1819 1133 1886 refert

200 1913 432 2065 Gallell'sicarius
447 2001 612 2081 generalis,
629 2001 758 2063 absente
770 2001 930 2083 episcopo,
954 2003 1132 2081 processio·

199 2113 254 2156 nes
268 2093 405 2156 indicere
421 2098 452 2157 et
467 2094 602 2173 dirigere
617 2097 720 2172 potest
733 2112 805 2156 cum
820 2095 1127 2176 consensucapituli.

198 2188 298 2269 (Sacr.
314 2189 412 2267 (long.
431 2204 532 2264 conc,
549 2185 636 2266 apud
643 2186 788 2266 Barbas.)

237 2283 270 2342 5ο
290 2282 368 2343 Item
378 2282 481 2360 polest
490 2278 616 2359 exsequi
627 2279 860 2342 commissiones
878 2280 1036 2344 etlitteras
1049 2298 1129 2361 apo-

199 2373 326 2436 stolicas
341 2391 410 2452 qua
424 2372 511 2452 prius
525 2370 651 2433 directe
671 2371 797 2432 fuerant
809 2371 926 2433 vicario
948 2371 1123 2451 capitulari,

200 2483 262 2527 non
286 2465 389 2526 adhuc
413 2469 561 2525 executae.
591 2463 690 2542 (Sacr.
708 2464 805 2541 (long.
823 2463 913 2543 epis,
927 2465 960 2525 in
978 2465 1124 2542 Parmen,

199 2561 218 2618 6
233 2575 305 2634 ang.
325 2555 426 2634 1611.)
441 2557 519 2617 Item
531 2557 634 2634 potest
646 2572 714 2616 esse
727 2555 888 2635 delegatus
908 2558 1002 2636 Papae
1013 2559 1044 2619 et
1055 2568 1126 2620 exe-

199 2652 290 2711 cutor
310 2647 484 2727 gratiarum
504 2645 757 2725 apostolicarum,
774 2648 828 2726 qui
851 2651 898 2710 cst
914 2648 948 2710 in
971 2648 1125 2730 dignitate

200 2741 395 2804 constitutus.
929 2799 931 2803 .

238 2836 429 2914 ltempotest
450 2851 489 2896 ex
511 2833 544 2894 vi
566 2832 706 2895 mandati
733 2832 888 2913 generalis
916 2832 1126 2900 confessiones

199 2925 439 2991 sacramentales
448 2924 708 3005 audire,aliisque
721 2943 774 2988 eas
784 2925 932 2988 audiendi
944 2927 1125 2992 facultatem

199 3020 382 3084 concedere.
402 3018 543 3100 (Bornos,
571 3036 668 3098 supra
686 3036 774 3082 conc.
795 3019 894 3097 Tria,
919 3037 995 3082 sese.
1019 3022 1067 3097 23,
1090 3018 1128 3081 de

200 3103 349 3194 Reform,
367 3129 435 3190 cap.
449 3109 513 3189 15.)

240 3209 272 3266 6⁰
292 3207 370 3266 Item
392 3206 496 3283 potest
516 3221 554 3264 ex
577 3201 703 3282 proprio
729 3201 831 3263 officio
857 3201 976 3284 absque
998 3203 1126 3284 speciali

201 3296 419 3358 commissione
445 3295 596 3357 interesse
610 3293 818 3355 matrimoniis
833 3298 864 3356 el
875 3295 945 3357 aliis
958 3296 1127 3360 sacerdoti·

199 3387 259 3450 bus
272 3388 452 3449 assistendis
460 3387 619 3449 licentiam
628 3385 817 3461 concedem3
834 3385 970 3451 vicarius
980 3389 1128 3478 enimge7

201 3476 315 3544 neralis
329 3479 415 3544 venit
428 3477 635 3560 appellatione
650 3475 811 3543 ordinarii.
