2578 4012
398 449 646 536 lnltllllo
676 446 905 536 sentitus

335 651 388 702 DE
411 652 671 704 HIERARGHIA
694 651 951 706 DIOEGESANA.

589 847 636 864 -Q
644 847 704 864 cO·-

219 1032 243 1092 Ι.
264 1030 418 1109 Spectatis
444 1029 594 1092 hactenus
614 1028 738 1110 juribus
764 1031 795 1090 et
818 1027 927 1090 officiis
950 1027 1053 1108 potius
1076 1028 1108 1089 in

180 1122 350 1201 communi,
367 1140 479 1201 nempe
501 1120 605 1201 quoad
628 1121 876 1183 fundamentalia
898 1121 1052 1200 principis
1070 1139 1109 1184 ex

179 1215 293 1294 quibus
308 1213 456 1292 specialia
464 1213 537 1292 jura
553 1213 749 1292 singulorum
763 1213 958 1277 descendunt
975 1217 1031 1275 aut
1042 1232 1109 1274 mo-

178 1307 239 1372 lius
247 1305 378 1384 intelligi
387 1308 418 1367 et
428 1305 552 1364 definiri
561 1311 698 1384 posunt,
707 1304 747 1365 ad
758 1305 899 1366 altiorem
908 1305 1109 1385 migrandum

178 1397 261 1464 foret
295 1399 410 1458 tractat
397 1397 515 1458 tionem
548 1415 628 1502 quse·
648 1396 858 1475 peculiaribus
883 1397 1012 1477 adjunct
999 1397 1038 1459 tis
1076 1397 1108 1457 in

182 1490 296 1570 quibus
319 1489 480 1556 christiani
500 1489 630 1568 reperiri
649 1493 789 1568 possunt,
806 1489 942 1552 stabilita
955 1489 1109 1569 principia

180 1581 328 1662 applicat,
340 1599 474 1661 quaeque
487 1582 644 1660 proinde
632 1600 705 1663 pura
724 1585 755 1644 et
742 1581 878 1644 tofficis
893 1583 1108 1647 membrorum

69 1669 73 1673 ’
180 1674 352 1736 Ecclesiae
339 1694 370 1734 en
383 1674 476 1754 specie
489 1675 676 1736 considerat.

219 1769 335 1830 Verum
350 1766 525 1846 disquisitio
539 1768 607 1828 haec
617 1768 658 1828 ad
668 1766 789 1829 institut
790 1767 877 1828 iones
887 1785 949 1830 non
960 1768 1106 1848 pertinet,

180 1859 235 1919 sed
250 1858 409 1940 objectum
423 1876 498 1920 cons
499 1858 583 1922 ιίιιιίι
594 1858 753 1938 superioris
766 1859 965 1938 expositionis.
977 1859 1107 1920 Tirones

179 1951 279 2028 enim,
306 1943 339 2011 in
365 1950 618 2012 universitatibus
643 1949 898 2030 jurisprudentiae
928 1949 1104 2028 canonicae,

179 2045 346 2122 postquam
372 2043 513 2123 legendis
535 2042 797 2120 institutionibus,
814 2061 869 2104 seu
890 2041 1052 2120 principiis
1076 2046 1108 2103 ct

178 2135 340 2197 elementis
357 2135 438 2216 juris
458 2135 660 2197 ecclesiastici
679 2153 808 2214 operam
828 2134 993 2211 dederunt,
1009 2135 1108 2197 textui

178 2228 352 2289 evolvendo
368 2246 401 2289 se
417 2227 564 2288 addicere
579 2227 689 2289 solent.
706 2228 745 2287 st
767 2226 818 2286 hic
839 2226 915 2287 ordo
938 2230 969 2287 et
989 2227 1106 2305 gradus

178 2319 353 2381 studiorum
367 2338 431 2382 non
456 2319 551 2381 modo
570 2320 639 2399 ipsa
661 2319 782 2381 ratione
797 2319 852 2380 sed
870 2324 900 2379 ct
914 2319 1106 2400 antiquitatis

178 2413 322 2490 exemplo
337 2411 497 2474 suadetur.
515 2414 587 2473 lam
606 2411 681 2472 olim
696 2410 891 2472 scholaribus
912 2411 1012 2491 quiin
1027 2408 1107 2490 juris

178 2503 299 2564 romani
322 2504 460 2566 studium
483 2503 665 2566 incumbere
685 2503 859 2580 dehebant,
884 2503 967 2567 hune
986 2503 1106 2566 metho-

178 2595 253 2657 dum
267 2596 458 2676 prescripsit
471 2596 664 2658 lastinianus
675 2596 707 2658 in
720 2597 918 2676 Digestorum
927 2595 1080 2676 prooemio
1096 2616 1103 2658 ε

181 2709 197 2745 n
212 2687 311 2750 Dubio
327 2689 436 2768 procul
458 2689 586 2768 quidem
600 2695 657 2766 est,
673 2708 800 2752 necesse
815 2709 883 2751 esse
897 2689 1106 2752 institutiones

176 2781 208 2842 in
233 2782 378 2844 omnibus
391 2781 502 2844 studiis
525 2781 661 2860 primum
676 2781 734 2842 sihi
749 2781 909 2844 vindicare
923 2783 1039 2858 locum,
1056 2786 1107 2842 ut-

177 2876 249 2951 pote
272 2874 375 2954 prima
409 2873 541 2952 vestigio
564 2872 716 2953 cujusque
740 2870 877 2937 scieritiae
908 2873 1107 2935 mediocriter

176 2965 347 3028 tradentes.
360 2988 374 3024 r

216 3060 255 3120 ll.
271 3059 328 3130 Qui
349 3077 437 3139 ergo,
448 3057 515 3139 jem
537 3062 664 3138 peracto
687 3057 916 3121 institutionum
937 3056 1103 3139 curriculo,

171 3148 236 3230 juri
258 3151 408 3212 canonico
424 3170 553 3231 operam
579 3151 757 3229 diligentius
781 3152 856 3212 darc
871 3152 976 3228 vellet,
992 3155 1105 3215 tracta·

176 3242 278 3304 tiones
299 3243 450 3322 speciales
471 3264 527 3305 seu
542 3242 768 3306 commentaria
789 3243 820 3303 in
841 3243 1013 3306 decretales
1032 3264 1106 3308 con-

176 3335 268 3398 sulat.
287 3337 357 3398 Istae
370 3340 475 3398 autem
484 3336 686 3399 tractationes
701 3335 822 3398 ratione
833 3337 973 3399 methodi
992 3338 1034 3400 ad
1048 3339 1107 3401 du-

169 3428 250 3518 plex
263 3445 363 3510 genus
377 3447 525 3493 revocare
539 3433 670 3510 possunt
684 3448 691 3494 :
708 3432 738 3492 l⁰
753 3428 804 3494 alii
818 3429 902 3492 enim
919 3430 1105 3514 interpretes
1120 3485 1126 3499 .
