2578 4012
172 262 229 322 ala
389 275 619 323 1161116116166
640 275 723 321 sums
744 274 898 330 61161161.

173 417 242 498 ejus
255 417 381 481 licentia
394 419 503 480 abesse
517 418 654 498 possint,
669 419 831 480 decretum
845 419 971 498 prodiit,
989 419 1020 479 ie
1033 420 1104 480 Ter-

171 511 300 573 racinen.
317 511 366 590 (19
378 511 438 591 sed.
455 510 558 590 1628.)

209 607 241 666 8ο
276 605 465 684 Episcopum
498 622 560 664 non
590 603 729 682 potuisse
763 604 954 666 delationem
991 605 1100 668 fascias

173 697 281 758 sericae
294 696 426 758 violacei
442 697 554 759 coloris
576 697 780 776 dignitatibus
796 700 828 757 61
845 697 1003 758 6616661616
1024 716 1101 759 666-

173 789 296 866 cedere,
320 789 514 852 declaratum
523 789 582 850 fuit
596 789 626 849 ic
640 788 779 869 Liparen.
796 790 846 868 (10
857 789 931 850 maii
942 790 1045 869 1831.)

213 885 245 943 9ο
264 881 438 962 Episcopus
455 886 557 961 661661
576 885 714 943 statuere
734 885 769 944 ut
783 901 864 943 unus
883 883 994 944 saltem
1008 901 1102 945 cano-

173 972 262 1036 nicus
275 993 313 1034 ex
326 993 388 1036 uno
404 993 529 1054 quoque
544 974 679 1054 capitulo
694 976 896 1036 ecclesiarum
910 975 1100 1056 sihisubjec-

169 1069 285 1144 tarum,
294 1073 325 1128 61
333 1085 413 1128 6666
422 1067 568 1129 sacerdos
578 1087 616 1128 ex
625 1085 814 1148 unoquoque
824 1068 1043 1130 locodioecesis
1055 1070 1102 1129 in-

169 1159 267 1237 tersit,
282 1159 357 1220 dum
371 1159 437 1238 1666
453 1160 691 1222 oleumsacrum
709 1160 843 1222 conficit.
862 1161 977 1241 (lajol.
996 1161 1101 1240 1631.)

211 1252 442 1332 lO⁰Episcopus
452 1253 816 1332 nonpotestauctoritate
827 1253 985 1314 ordinaria
994 1271 1102 1314 creare

168 1348 201 1408 in
212 1363 269 1406 sua
281 1346 414 1407 ecclesia
422 1345 888 1424 canonicossupranumerarios
897 1347 1014 1426 6116666
1027 1363 1103 1406 con-

173 1457 266 1501 sensu
281 1438 407 1517 capituli
423 1441 453 1500 et
467 1440 700 1500 canonicorum.
719 1439 767 1518 (16
781 1439 841 1518 feb.
859 1439 960 1518 1639.)

212 1531 326 1610 Nequit
340 1532 435 1591 etiam
451 1531 610 1609 privative
622 1549 641 1590 a
655 1532 757 1610 seipso
770 1533 935 1593 canonicos
947 1533 988 1593 ad
1002 1533 1103 1594 hono-

169 1642 237 1684 rem
250 1623 425 1700 nominare,
438 1623 494 1684 sed
508 1623 568 1684 hoc
585 1640 679 1701 agere
695 1623 788 1685 debet
800 1643 953 1686 66666666
964 1625 1014 1686 vel
1027 1642 1101 1687 con-

172 1715 239 1777 silio
255 1715 392 1794 capituli.
412 1715 459 1792 (S.
478 1715 569 1794 Coup.
585 1715 686 1778 concil.
705 1723 722 1777 6
725 1715 804 1796 jolii
819 1717 920 1796 1861.)

209 1811 316 1870 Potest
329 1808 492 1887 episcopus
508 1809 547 1870 de
565 1827 718 1870 consensu
737 1809 865 1888 capituli
887 1809 1007 1889 erigere
1022 1828 1101 1889 616-

171 1901 358 1981 positionem
380 1902 551 1962 secundam
564 1902 762 1980 dignitatem,
788 1907 819 1962 et
840 1901 961 1980 erigere
975 1902 1102 1964 canoni-

170 1998 275 2056 catum
294 1995 326 2054 in
337 1994 469 2056 66616616
481 1995 657 2074 collegiata,
667 1994 699 2054 in
713 2013 775 2073 qua
790 1998 913 2056 nonest
926 1995 1097 2074 praefinitus
1123 2029 1125 2034 ,

151 2085 153 2094 '
164 2087 395 2160 canonicorum
404 2106 564 2149 numerus.

211 2180 260 2242 11ο
269 2181 441 2261 Episcopus
453 2179 561 2261 nequit
571 2178 755 2241 auctoritate
766 2180 925 2241 ordinaria
935 2173 1098 2241 ecclesiam

169 2274 383 2353 parochialem
408 2275 441 2335 iu
470 2273 666 2352 collegiatam
694 2273 825 2351 erigere.
845 2274 894 2352 (16
916 2273 975 2352 feb.
996 2271 1096 2350 1689.)

209 2367 381 2446 Episcopus
396 2384 508 2446 cogere
524 2365 632 2444 nequit
645 2366 811 2427 canonicos
829 2365 969 2426 ecelesiae
993 2365 1100 2426 cathe-

143 2458 276 2534 616116,
294 2477 390 2537 66666
413 2477 490 2537 quos
519 2476 595 2518 6616
624 2458 801 2519 animarum
814 2505 822 2536 ,
837 2461 902 2519 tam
931 2457 1099 2520 habitualis

169 2555 235 2612 tam
250 2550 380 2610 actualis
395 2549 521 2626 residet,
539 2550 580 2610 ad
600 2551 809 2611 exercendum
826 2569 883 2629 661
905 2550 1023 2629 6616666
1045 2549 1099 2610 611-

171 2659 249 2722 6666
263 2644 351 2703 66166
364 2659 446 2703 curae
459 2641 541 2702 intra
555 2660 683 2704 annum.
695 2645 774 2703 Nam
789 2643 816 2703 ei
826 2643 1009 2704 electionem
1023 2641 1100 2703 duo-

169 2752 241 2796 rum
265 2734 500 2815 capellanorum
524 2734 739 2797 amovihilium
760 2755 817 2814 pro
842 2735 924 2798 dieto
953 2735 1098 2797 exercitio

170 2827 358 2907 permissum
374 2829 487 2890 fuerat.
503 2828 552 2908 (91
566 2827 754 2908 martille.)

408 2963 445 3002 111.
461 2969 581 3002 1111666166
594 2969 674 3011 Quodn
689 2970 860 3002 ussuusn‘rms.

210 3081 410 3161 Episcopum,
424 3079 518 3141 etiam
529 3079 732 3157 cardinalem,
748 3079 847 3140 166611
862 3078 982 3159 dejure
993 3077 1098 3140 divino

170 3177 201 3234 61
213 3173 346 3236 66161611
366 3173 504 3234 residere
516 3172 549 3232 in
570 3191 627 3235 suo
643 3173 835 3251 episcopatu,
849 3175 880 3232 61
893 3171 1101 3250 perresiden-

170 3265 247 3326 tiam
263 3266 296 3326 in
307 3266 378 3346 jure
391 3265 521 3344 intelligi
540 3264 820 3328 commorationem
829 3263 862 3324 in
876 3264 944 3326 loco
956 3263 1098 3325 beneficii
1217 3281 1219 3287 ·

171 3357 230 3432 sui,
243 3374 338 3418 causa
350 3358 465 3420 servitii
482 3357 682 3421 ecclesiastici
697 3357 902 3435 personaliter
917 3356 1097 3436 praestandi,

172 3455 274 3511 etnon
284 3447 1096 3529 66166161666661161661166661,661166666111666616.
