2578 4012
393 227 432 272 ns
454 226 643 274 sinuessam
664 231 855 277 ermensuns.
1029 219 1088 278 213

200 373 282 434 Sunt
298 374 403 433 tamen
429 391 531 434 causae
551 377 734 436 excusantes
753 392 823 454 quae
846 377 918 436 sunt
941 375 1087 454 episcopo

160 482 341 526 communes
367 482 438 525 cum
464 464 532 526 aliis
550 466 744 528 beneficiatis
772 467 825 546 qui
848 467 965 528 habent
978 485 1087 529 curam

160 557 336 618 animarum
351 577 357 618 :
370 557 420 617 hae
447 561 543 618 sunt:
567 562 600 618 1ο
618 557 788 621 Christiano
806 559 952 635 chorites,
973 577 1086 637 nempe

159 649 284 729 quando
301 653 391 728 urget
405 651 539 728 proximi
553 651 687 725 utilitas3

197 744 229 800 2⁰
247 740 358 820 broces
371 743 530 819 necessitas,
548 761 661 822 nempe
676 744 703 804 si
712 743 878 804 residendo
894 761 990 822 grave
1002 744 1086 822 peri-

158 834 263 893 culum
272 833 343 894 vitae
357 835 545 912 incurreret,
564 836 614 897 vel
631 839 760 915 propter
770 836 928 912 morbum,
944 836 1026 896 aeris
1038 836 1087 895 in-

156 926 353 1004 temperiem,
378 927 629 1005 perseeulioneS‚
653 931 731 1005 eto,
763 928 934 989 dummodo
967 946 1004 988 ex
1030 928 1085 988 tali

155 1017 306 1094 absentia,
315 1018 454 1080 Ecclesia
463 1020 584 1080 nullum
593 1019 833 1100 gravepatiatur
842 1020 1083 1094 detrimentum3

156 1127 245 1170 secus
259 1129 322 1171 non
337 1111 466 1173 deberet
489 1130 618 1191 gregem
633 1113 779 1174 deserere
791 1132 799 1173 ε
812 1113 1023 1192 Boouspastor
1033 1111 1086 1172 dot

156 1203 283 1262 animum
291 1223 438 1283 scampno
452 1205 551 1266 ovibus
560 1205 637 1281 suis;

195 1298 227 1354 3⁰
244 1295 351 1355 Debita
369 1295 531 1356 obedientie
547 1316 559 1357 .·
575 1298 699 1376 quando
717 1316 830 1376 nempe
850 1315 989 1358 summus
1004 1299 1086 1357 Pon-

154 1387 229 1447 tifex
240 1392 368 1467 propter
382 1388 509 1468 aliquod
520 1391 681 1468 negotium
692 1391 731 1450 ad
742 1409 775 1451 se
789 1396 881 1452 vocat
891 1391 1082 1468 episcopum.

178 1482 226 1540 '4⁰
240 1480 370 1542 Evideos
392 1481 534 1544 Ecclesiae
553 1482 668 1542 utilitas
680 1502 692 1544 .·
703 1483 729 1544 si
753 1483 918 1563 episeopus
940 1482 1030 1544 abest
1044 1481 1085 1543 ad

152 1573 349 1634 defendenda
362 1574 500 1635 ecclesie
515 1593 579 1637 suae
596 1575 680 1654 jura,
697 1577 747 1638 vel
759 1579 888 1638 vocatus
910 1575 1031 1637 accedit
1045 1575 1085 1636 ad

153 1666 319 1727 concilium
343 1668 491 1745 generale
512 1669 562 1729 vel
576 1668 779 1747 provinciale.
804 1669 839 1728 ld
857 1668 951 1730 etiam
972 1667 1087 1730 intelli-

153 1758 238 1838 gitur
262 1759 301 1819 de
322 1760 460 1820 evidenti
478 1760 658 1839 reipublicae
678 1761 830 1838 utilitate,
861 1779 890 1822 v.
910 1780 940 1840 g.
963 1761 988 1822 si
1006 1760 1085 1838 epis-

153 1869 249 1932 copus
264 1852 387 1914 abesset
407 1871 464 1931 pro
484 1854 616 1932 negotiis
630 1855 720 1932 regni
737 1852 919 1930 tractandis,
931 1871 989 1932 pro
1005 1869 1084 1932 pace

151 1945 378 2023 componenda.
396 1947 483 2006 Hane
507 1943 731 2024 obligationem
752 1945 910 2006 residendi
930 1943 1085 2023 explicant

151 2044 317 2117 sequentes
333 2038 559 2099 declarationes
575 2040 606 2100 S.
620 2040 716 2117 (long.
734 2040 767 2100 6.
784 2059 790 2099 z

191 2130 221 2190 1⁰
234 2130 404 2209 Episcopus
418 2131 611 2208 temporibus
619 2130 808 2210 prescriptis
817 2130 848 2191 in
861 2150 887 2190 c.
902 2133 930 2207 l,
941 2147 1016 2191 sess.
1031 2133 1081 2204 23,

151 2223 184 2283 G.
202 2225 237 2284 Τ.
251 2226 375 2284 tenetur
386 2223 417 2282 in
431 2223 563 2283 ecclesia
584 2241 641 2283 sua
659 2223 830 2284 cathedrali
850 2223 1005 2299 residere,
1023 2231 1083 2282 nec

151 2315 226 2376 satis
242 2318 335 2376 estut
347 2315 379 2375 in
391 2315 518 2376 dioecesi
530 2318 657 2375 maneat
670 2361 678 2392 ,
695 2314 753 2375 nisi
769 2315 958 2395 episcopalia
975 2313 1084 2374 munia

151 2406 183 2467 in
198 2425 256 2468 sua
270 2407 397 2469 dioecesi
412 2425 484 2468 cum
498 2408 558 2470 alio
570 2399 694 2470 vocent.
713 2408 762 2488 (21
772 2414 846 2488 sept.
862 2406 966 2487 1622.)
1040 2447 1042 2452 ,

187 2502 354 2561 10000010
380 2504 414 2563 ut
432 2501 596 2581 episcopus
620 2500 651 2560 in
673 2500 911 2561 solemnioribus
930 2499 1002 2559 anni
1023 2499 1082 2559 les-

149 2592 320 2654 tivitetibus
331 2592 416 2671 apud
426 2611 516 2652 suam
523 2593 736 2654 cathedralem
747 2592 911 2654 ecclesiam
924 2592 1077 2665 resideat;

149 2685 177 2744 ei
195 2689 301 2746 temen
325 2685 384 2745 hac
405 2685 445 2744 de
473 2702 568 2745 causa
596 2686 851 2763 procurationem
874 2704 938 2747 non
963 2684 1079 2746 debere

149 2776 266 2838 decidit
276 2779 307 2838 S.
325 2779 358 2838 G.
378 2778 460 2838 1111
476 2776 550 2836 maii
563 2779 651 2838 1636.

187 2869 382 2949 aepiscopo
392 2867 833 2948 (Gurci)permittendumnon
843 2888 911 2931 esse
921 2872 1080 2948 utpreeter

147 2967 210 3025 tres
220 2981 344 3023 menses
360 2981 379 3022 a
393 2979 483 3022 sacro
505 2961 686 3023 Tridentino
709 2962 840 3024 concilio
855 2963 1010 3041 praefixoS,
1023 2961 1079 3038 tri-

147 3056 206 3116 bus
222 3055 289 3114 eliis
303 3053 462 3119 mensibus
477 3053 509 3114 in
532 3053 668 3132 quodam
688 3056 836 3133 palatios
862 3073 894 3114 se
916 3063 987 3114 cum
1011 3052 1078 3113 eliis

146 3148 237 3210 bonis
252 3152 368 3225 empto,
383 3147 529 3226 quodque
543 3149 590 3207 est
600 3164 664 3206 suae
682 3147 825 3208 dioecesis
836 3146 1074 3223 conterminum,

146 3240 177 3302 in
203 3240 332 3302 dioecesi
356 3241 450 3302 situm
472 3239 609 3319 episcopi
638 3239 899 3318 salisburgensis,
934 3238 1076 3300 habitare
1184 3259 1187 3266 ’
1279 3196 1282 3269 ss

146 3334 254 3412 possit,
268 3334 440 3394 resolutum
457 3333 524 3393 fuit.
542 3333 591 3412 (19
607 3328 667 3411 feb.
690 3330 791 3411 1118).

185 3431 217 3486 4⁰
234 3426 389 3505 Episcopo
412 3425 565 3504 Segnensi
578 3425 609 3486 iu
629 3423 753 3488 Groetia
772 3425 949 3504 praeferenti
974 3443 1007 3486 se
1029 3425 1077 3485 in·
