2584 4022
189 222 228 290 88
409 237 640 287 lusrlrurrones
661 243 750 290 JURIS·
767 242 922 288 cluonrcr.

193 377 273 456 dice,
302 399 408 462 neque
429 401 524 462 super
551 385 611 446 illis
639 389 734 448 testes
757 385 967 448 admittuntur
986 386 1026 448 ad
1053 406 1127 467 pro-

191 470 332 628 bantdum
346 475 571 558 frustra„quod
589 480 759 559 probatum
773 479 850 540 nihil
862 477 936 542 facit
948 479 988 540 ad
999 499 1124 542 caueam

190 581 243 628 mo
259 583 321 630 am.

231 662 429 746 rependentes
448 665 583 747 denique
611 667 734 728 articuli
757 667 797 730 ab
823 667 960 747 antiquis
986 668 1078 743 sunt,
1095 670 1127 728 et

192 763 339 842 dicuntur
360 758 414 836 illi,
432 759 485 840 qui
500 759 652 838 propositi
671 779 708 822 ac
735 761 860 840 probati
875 759 1033 841 adjuvant·
1051 777 1125 820 cau-

191 874 271 932 sam,
297 871 353 936 seu
373 851 578 914 intentionem
590 853 756 932 litigantis3
773 855 827 934 qui
841 853 914 914 lacti
931 853 1059 932 quidem
1071 870 1126 912 ne-

193 948 337 1016 cessitate
351 945 580 1023 subprioribus
598 947 808 1022 continentur,
824 951 1005 1008 nontamen
1017 963 1125 1006 neces-

192 1041 284 1104 sitate
294 1037 498 1118 probationis⁷
511 1056 606 1117 super
616 1039 877 1118 quibusarliculis
887 1058 969 1101 nova
980 1038 1124 1118 probatio

194 1132 379 1206 admittitur,
396 1130 454 1190 uisi
471 1130 620 1192 articulus
633 1132 703 1192 talis
722 1132 898 1194 virtualiter
911 1133 1005 1193 etiam
1020 1129 1125 1212 quoad

189 1223 408 1306 probationem
427 1223 638 1285 contineretur
652 1225 685 1285 iu
697 1225 843 1307 antiquis,
860 1229 895 1286 ut
911 1226 955 1286 sic
970 1223 1053 1286 enim
1069 1241 1125 1284 au-

189 1319 294 1398 tiquus
307 1319 498 1393 censeretur,
512 1323 543 1378 et
554 1317 641 1378 nulla
653 1336 735 1379 nova
747 1318 807 1380 illis
821 1318 966 1397 probatio
981 1322 1053 1397 post
1066 1335 1124 1395 pu-

188 1411 322 1473 blicatas
334 1409 473 1488 legitime
485 1411 701 1473 attestationes
715 1412 942 1474 admitteretur.

228 1507 312 1565 Inter
330 1502 492 1563 contrarios
511 1521 586 1564 vero
602 1503 751 1566 artibulos
767 1523 803 1564 ea
824 1508 871 1565 est
890 1503 1075 1580 differentia,
1090 1505 1125 1563 ut

190 1596 244 1658 alii
261 1597 407 1656 dicantur
421 1595 540 1656 directe
555 1596 715 1673 contrarii,
737 1597 789 1659 alii
816 1597 966 1659 indirecte
984 1617 990 1658 :
1009 1596 1125 1658 directe

190 1689 338 1752 contrarii
357 1688 518 1764 dicuntur,
536 1689 590 1768 qui
604 1689 722 1751 directe
737 1691 946 1753 adversantur
960 1689 1092 1751 articulo
1107 1707 1125 1750 a

189 1782 384 1864 producente
400 1799 456 1860 por
466 1785 561 1842 testes
577 1782 723 1861 probato,
741 1787 772 1844 et
781 1802 876 1863 super
890 1783 938 1844 his
953 1781 1124 1864 probatorii

189 1879 286 1938 testes
296 1879 367 1954 post
375 1874 512 1954 legitime
525 1875 700 1952 publicatas
713 1876 926 1938 attestationes
939 1895 1001 1940 non
1013 1875 1127 1938 admit-

143 2033 145 2038 ,
190 1972 309 2044 turtur,
323 1969 362 2029 ob
376 1966 550 2047 periculum
562 1968 769 2038 fraudulentae
784 1969 915 2050 alicujus
929 1967 1124 2030 subornatio-

191 2061 249 2122 nis,
266 2058 421 2121 Indirecte
439 2060 588 2121 contrarii
610 2060 767 2139 dicuntur,
794 2063 847 2142 qui
861 2063 989 2124 testium
1004 2061 1125 2140 deposi-

188 2153 264 2216 tioni
293 2154 334 2214 ad
366 2157 467 2216 certas
503 2153 750 2217 circumstantias
779 2154 946 2217 articulum
970 2153 1124 2234 litigantis

189 2247 388 2327 restringenti
401 2247 623 2325 adversantur,
631 2251 663 2308 et
673 2247 717 2309 sic
729 2247 882 2311 indirecte
893 2247 1124 2320 etiamarticulo

189 2360 246 2420 per
272 2344 368 2404 testes
387 2341 466 2402 tales
489 2342 622 2423 probato
638 2361 644 2403 :
662 2361 758 2422 super
784 2341 898 2421 quibus
919 2340 1126 2404 admittuntur

189 2440 285 2494 testes
307 2433 517 2512 reprobatorii
532 2435 627 2497 etiam
650 2439 720 2512 post
737 2433 983 2514 publicationem
998 2437 1125 2496 attesta-

67 2561 72 2572 ι
190 2525 322 2602 tionum,
348 2543 420 2585 oum
435 2544 491 2602 per
513 2526 594 2586 bano
617 2527 773 2588 restitutio
799 2526 854 2586 illa
876 2527 1014 2606 primum
1037 2526 1124 2588 inno·

158 2695 162 2703 Ι
190 2619 300 2678 tescat.

250 2765 260 2817 s
275 2767 298 2805 v.
313 2773 343 2806 nu
358 2751 503 2834 exora-rmus
517 2774 610 2806 corrui
625 2773 716 2814 rusum,
730 2773 760 2806 rr
772 2773 858 2806 nonum
877 2775 1064 2807 naraoanrronu.

231 2899 352 2960 XXVII.
370 2895 514 2972 Quomodo
524 2903 552 2958 et
561 2895 675 2978 quando
687 2896 890 2978 cacrbicndum
899 2899 938 2959 sit
952 2905 1054 2959 contro
1070 2905 1127 2958 tes-

191 2991 253 3055 tes?
265 2994 381 3054 Contra
394 2994 490 3052 testas
500 2996 632 3072 possunt
646 2990 776 3070 triplicis
788 2992 912 3070 generis
928 2990 1126 3070 exceptiones

190 3084 317 3165 opponi.
335 3085 440 3146 Primo
453 3088 564 3146 contra
578 3103 729 3164 personas
743 3084 881 3160 testium,
899 3084 983 3164 quod
998 3083 1047 3144 vel
1061 3102 1128 3144 orn-

190 3180 275 3254 nino‚
293 3179 343 3239 vel
357 3178 479 3239 ratione
495 3197 598 3239 causae
609 3179 650 3238 ad
660 3178 874 3240 testimonium
886 3177 1054 3238 dicendum
1065 3176 1127 3238 sint

190 3270 356 3347 inhabiles
386 3275 420 3332 ut
435 3289 532 3352 supra
547 3271 676 3333 dictum.
694 3271 851 3348 Secundo,
870 3275 979 3333 contra
994 3289 1125 3332 examen

56 3451 57 3458 ἵ
146 3407 149 3413 -
189 3363 326 3442 testium,
342 3365 427 3444 quod
442 3365 558 3426 nonsit
578 3364 865 3444 legitimefaotum‚--
879 3366 980 3426 velex
1002 3365 1126 3428 defectu

188 3455 416 3540 jurisdictionis
433 3459 473 3520 ab
494 3458 725 3538 incompetente
737 3457 855 3540 judice,
874 3459 924 3521 vel
948 3459 1038 3540 quod
1054 3478 1126 3540 pro·
