2584 4022
543 287 581 332 ou
602 285 740 336 sualmis.
1063 275 1103 340 fl

171 445 341 492 eommune
356 446 429 492 eum
449 428 510 490 illis
524 430 761 508 procedendum
775 435 832 494 est.
854 431 981 496 Raetias
998 433 1104 494 tamen

172 522 232 586 hae
246 523 279 584 in
298 541 333 586 re
359 521 484 584 videtur
507 523 725 586 consuetudini
749 525 1004 604 adscribendum,
1020 525 1105 606 quod

173 633 400 697 nonnunquam
414 616 460 693 fit,
475 634 570 696 quam
582 616 663 698 juris
675 617 851 700 privilegio.

213 708 356 772 Gaudent
369 711 475 771 autem
493 709 624 771 heoferi
636 709 800 790 privilegio
820 710 916 774 etiam
932 711 1100 789 monaehi,

172 806 203 864 et
217 803 376 882 regulares
395 819 504 864 omnes
518 802 680 883 utriusque
696 821 808 878 sexus;
830 803 924 866 etiam
941 804 1013 866 laioi
1030 822 1103 868 oon·

170 895 275 972 versi,
292 894 400 956 novitii
416 942 425 972 ,
447 895 564 972 oblati,
580 895 719 974 religiosi·
734 895 878 958 ordinum
900 896 1100 975 militarium,

169 989 283 1050 fratres
302 987 385 1049 tertii
401 987 525 1052 Ordinis
541 989 573 1051 S.
590 989 767 1064 Francisei3
784 990 942 1068 eremita,
965 989 1019 1070 qui
1042 990 1104 1054 tria

170 1081 475 1144 substantialiavota
486 1081 635 1162 religiosa
648 1083 836 1158 emiserunt3
854 1082 905 1144 vel
917 1083 943 1144 si
958 1082 1021 1146 tria
1034 1084 1103 1146 haee

171 1179 245 1237 vota
259 1192 322 1236 non
337 1174 516 1252 emiserunt,
529 1175 968 1238 vivunttameneommuniter
979 1176 1011 1237 in
1030 1194 1102 1262 oon·

170 1268 354 1348 gregatione
370 1267 485 1348 aliqua,
502 1266 593 1348 juxta
612 1269 709 1331 ritum
726 1268 926 1348 abepiscopo
946 1270 1103 1348 approba-

172 1365 239 1424 tum
253 1381 261 1432 ;
277 1361 328 1422 vel
348 1359 373 1420 si
388 1360 518 1424 solitarii
533 1361 651 1438 vivant,
668 1361 814 1423 deferunt
834 1365 940 1423 tamen
960 1361 1104 1425 habitum

171 1457 203 1516 et
212 1456 384 1530 tonsuram,
397 1457 429 1516 et
437 1459 510 1516 sunt
521 1453 706 1516 auctoritate
719 1453 852 1534 alicujus
862 1453 1011 1533 episcopi,
1023 1454 1103 1532 epis·

172 1564 250 1625 eopo
265 1547 303 1606 ad
317 1545 479 1606 servitium
493 1546 770 1627 alicujuseoolesiae
779 1546 930 1627 deputati,
948 1550 980 1610 et
993 1546 1106 1608 vivunt

171 1639 230 1701 suh
245 1639 423 1701 obedientia
437 1639 586 1718 episcopi,
608 1642 640 1701 et
659 1641 686 1700 si
706 1640 873 1719 hospitalia
889 1640 953 1701 sint
968 1639 1104 1702 auotori-

170 1734 235 1794 tate
256 1731 393 1811 episcopi
408 1735 529 1810 erecta,
546 1733 642 1794 etiam
656 1731 861 1812 hospitalarii,
883 1731 908 1794 si
930 1733 963 1792 in
988 1732 1103 1794 talibus

171 1824 316 1887 domibus
330 1825 448 1902 vivant,
457 1829 488 1887 et
501 1826 611 1888 talium
626 1825 828 1905 hospitalium
841 1825 964 1902 ineolae,
979 1827 1032 1905 qui
1044 1826 1103 1888 suh

157 1916 349 1980 ¹ohedientia
362 1917 518 1980 diatonum
535 1918 775 1999 hospitaliorum
792 1918 918 1997 vivant,
938 1917 1102 1998 priuilegio

169 2009 230 2072 lori
249 2011 407 2090 gaudent,
432 2011 506 2092 quia
525 2029 635 2074 omnes
661 2011 712 2074 isti
740 2012 866 2075 nomine
896 2029 1102 2092 personarum

170 2103 451 2166 ecclesiastieorum
465 2104 497 2166 iu
511 2105 613 2168 latiori
628 2106 810 2187 aeoeptione
824 2105 932 2167 venire
947 2110 1098 2185 possunt,

170 2195 361 2258 attendenda
374 2197 521 2258 tamenin
531 2198 639 2259 multis
649 2197 842 2260 consuetudo
853 2201 914 2260 est.

210 2291 248 2350 X.
273 2287 411 2366 Quaado,
425 2297 454 2350 et
464 2289 496 2349 in
505 2289 609 2369 quibus
623 2289 735 2350 casibus
747 2290 852 2350 olerioi
864 2307 926 2350 non
942 2291 1102 2367 gaudeant

169 2381 332 2462 privilegio
342 2381 402 2443 fori
417 2380 641 2444 ecelesiastici?
656 2380 773 2457 Primo,
788 2379 895 2441 elerici
908 2380 1098 2458 beneficiati,

169 2472 201 2533 in
211 2473 307 2534 saeris
323 2473 500 2550 constituti,
521 2473 547 2534 si
558 2472 700 2535 habitum
712 2475 744 2534 et
762 2475 925 2536 tonsuram
939 2489 1102 2553 nunquam

169 2566 311 2628 delerant
322 2566 376 2647 (ita
386 2569 421 2628 ut
429 2566 501 2630 laiei
515 2566 631 2646 passim
644 2565 843 2647 habeantur),
854 2566 921 2628 sine
937 2566 1001 2628 ulla
1015 2566 1102 2646 justa

169 2677 283 2736 eausa,
300 2663 332 2722 et
344 2659 384 2720 ab
399 2658 546 2740 episeopo
561 2679 619 2722 suo
630 2664 680 2722 ter
693 2661 824 2738 moniti,
844 2679 917 2722 eum
933 2679 997 2723 non
1016 2677 1102 2722 reas·

169 2755 380 2832 sumpserunt,
393 2752 444 2814 vel
458 2753 556 2815 semel
571 2754 603 2814 in
620 2754 741 2834 synodo
751 2752 891 2834 generali
907 2753 1034 2833 quidem
1044 2752 1102 2813 sub

170 2864 316 2926 expressa
335 2851 442 2908 tamen
471 2847 712 2910 commiuatione
736 2845 920 2926 privationis
946 2843 1101 2925 privilegii

170 2937 238 3016 lori,
258 2938 457 3018 privilegium
471 2939 531 3000 hoo
545 2938 703 3002 amittunt.
720 2941 767 3002 lta
784 2943 911 3015 tamen,
928 2940 964 2999 ut
977 2937 1002 2997 si
1015 2939 1102 3014 post-

170 3030 300 3096 modum
315 3031 393 3112 (sine
407 3030 518 3115 fraude
532 3031 780 3111 subterfugiendi
795 3031 854 3094 lori
868 3027 1040 3106 secularis)
1064 3044 1102 3088 ea

171 3127 331 3203 assumpta
343 3125 424 3201 sint,
442 3123 605 3205 privilegio
621 3124 681 3185 hoo
704 3123 864 3204 gaudeant
880 3168 888 3199 ,
905 3137 978 3182 eum
999 3119 1032 3182 in
1047 3119 1102 3183 tali

170 3235 245 3280 easu
256 3235 321 3278 non
335 3217 489 3294 absolute,
506 3217 562 3279 sed
576 3217 706 3298 praecise
719 3218 848 3296 propter
863 3214 1027 3276 dimissum
1044 3213 1103 3278 ha·

169 3309 282 3388 bitum,
295 3314 327 3372 et
340 3314 503 3373 tonsuram
514 3310 678 3392 privilegio
691 3309 751 3372 fori
762 3327 825 3374 non
839 3309 1011 3392 gaudeant,
1025 3326 1101 3388 ergo

170 3401 220 3466 his
229 3404 397 3484 assumptis
410 3401 573 3484 privilegio
588 3421 645 3466 suo
659 3401 853 3485 gaudebunt,
870 3399 966 3465 modo
978 3400 1058 3463 nihil
1068 3400 1101 3462 in

170 3495 315 3558 fraudem
326 3495 384 3561 tori
400 3495 529 3561 alterius
543 3496 662 3565 foetum
673 3497 724 3561 sit.
