2586 4020
194 257 252 318 146
402 267 631 316 rusrrrunoras
652 267 735 315 runis
757 269 912 316 cruourcr.

191 433 262 479 rum
274 413 328 476 illa
338 414 478 477 clausula
492 417 687 494 operaretur,
703 432 775 476 oum
790 433 828 474 ea
843 413 938 476 ctiam
952 433 1016 476 non
1027 431 1122 495 appo-

190 509 250 571 sita
257 506 376 572 frivolae
387 507 612 589 appellationes
623 507 738 588 dejure
749 506 908 570 communi
919 507 1121 571 admittendae

191 620 255 664 non
268 603 341 664 sint.

230 694 1121 776 Clausulaautemquaelibetinrescriptoapposita,quam·

190 790 236 852 vis
261 791 402 852 strictam
428 789 719 868 interpretationem
748 791 924 866 mereatur,
950 789 976 850 si
1006 808 1025 850 a
1050 789 1121 870 jure

190 883 348 946 communi
369 882 533 960 exorbitet,
557 883 601 942 ita
614 888 721 943 tamen
734 881 866 961 intelligi
879 882 982 958 debet,
999 886 1035 944 ut
1049 900 1123 961 ope-

189 980 277 1038 retur
286 975 415 1056 aliquid.
425 975 545 1036 Dicitur
555 979 660 1036 autem
672 975 840 1054 appellatio
851 975 961 1056 injure
976 994 1120 1055 expresse

190 1087 350 1145 concessa,
375 1071 406 1130 et
417 1068 539 1129 indulta
553 1067 584 1128 in
600 1068 685 1132 omni
698 1067 749 1130 illo
766 1087 851 1145 casu,
873 1067 905 1128 in
922 1087 983 1148 quo
1009 1086 1028 1128 a
1049 1067 1120 1148 jure

188 1161 503 1243 factumaliquodpro
514 1161 698 1240 gravamine
706 1161 898 1240 agnoscitur,
908 1165 1016 1222 contra
1026 1180 1121 1242 quam

189 1255 432 1335 appellationem
463 1253 542 1314 nihil
570 1257 720 1334 operatur
741 1255 880 1316 clausula
904 1253 1028 1334 adjecta
1055 1271 1121 1315 res-

190 1347 301 1427 cripto,
317 1365 348 1410 v.
366 1366 411 1427 g.,
429 1347 639 1426 appellatione
653 1354 786 1410 remota.

228 1441 365 1503 Effectus
379 1457 455 1518 ergo
479 1440 626 1501 clausula
651 1441 744 1518 illius,
763 1439 971 1519 appellatione
985 1445 1117 1518 remota,

190 1535 237 1595 est
251 1533 336 1613 quod
350 1532 440 1595 tollat
457 1550 582 1593 omnem
603 1533 847 1613 appellationem
860 1533 1035 1612 legitimam
1050 1552 1119 1615 quae

189 1643 253 1686 non
267 1624 422 1704 reperitur
443 1643 589 1703 expresse
605 1643 624 1686 a
642 1625 713 1705 jure
728 1644 887 1703 concessa,
915 1645 978 1688 non
994 1626 1121 1708 quidem

189 1717 295 1798 quoad
309 1717 454 1780 effectum
469 1718 687 1798 suspensivum
713 1718 782 1799 (nisi
799 1718 898 1799 judex
916 1719 958 1780 ad
974 1737 1068 1799 quem
1082 1739 1120 1780 ex

190 1811 318 1890 speciali
336 1829 432 1874 causa
452 1811 591 1884 inferiori
603 1810 714 1892 judici,
732 1829 828 1893 aquo
846 1813 1039 1891 appellatum
1050 1811 1128 1890 fuit,
1185 1802 1186 1808 ¹
1271 1787 1272 1814 ἶ

189 1904 405 1966 executionem
415 1904 578 1984 inhibeat),
588 1903 632 1966 ite
642 1904 780 1986 utjudex
792 1923 810 1964 a
821 1923 894 1986 quo,
904 1924 966 1967 non
977 1905 1121 1967 deferens

189 1996 244 2058 tali
259 1997 474 2076 appellationi,
490 1997 689 2078 quantumvis
703 1997 869 2078 probabili,
881 2016 944 2060 non
958 1999 1117 2078 puniatur,

188 2108 246 2150 nee
259 2093 412 2152 attentata
432 2095 503 2171 post
521 2092 616 2152 talem
632 2090 876 2170 appellationem
889 2096 1078 2154 revocentur
1088 2086 1121 2154 'a

183 2181 290 2264 judice
304 2184 344 2245 ad
359 2203 453 2265 quem
464 2203 521 2265 per
533 2185 618 2246 viam
630 2183 791 2264 nullitatis,
804 2186 879 2248 licet
892 2185 1013 2266 possint
1028 2205 1121 2249 revo-

191 2277 256 2339 cari
268 2296 325 2359 per
339 2278 424 2340 viam
440 2279 586 2359 querelae.

228 2374 334 2433 Potest
358 2377 464 2434 autem
488 2391 599 2434 causas
625 2373 782 2435 cumbae
806 2373 956 2451 clausula,
983 2373 1123 2452 appella·

187 2464 271 2526 tione
299 2469 440 2542 remota,
466 2465 660 2528 committere
681 2467 765 2528 solus
787 2465 939 2544 pontifex,
968 2469 1121 2546 tanquam

185 2556 283 2638 judex
297 2576 462 2636 supremus
477 2557 509 2617 in
524 2559 626 2620 causis
638 2557 855 2622 ecclesiasticis
868 2579 875 2620 :
890 2559 922 2619 iu
936 2557 1038 2620 causis
1045 2577 1120 2621 vero

188 2648 340 2730 profanis,
358 2653 389 2711 et
403 2649 485 2711 inter
497 2651 595 2714 laicos
609 2653 693 2714 solus
708 2653 890 2732 imperator,
915 2653 1060 2714 eulalius
1071 2652 1121 2733 ju·

188 2741 248 2803 dex
278 2742 330 2823 qui
354 2743 550 2823 superiorem
570 2744 602 2806 in
625 2745 851 2825 temporalibus
882 2765 945 2808 non
978 2745 1121 2826 agnoscit

189 2836 402 2918 (nequeenim
420 2836 549 2900 inferior
568 2837 620 2919 jus
639 2837 818 2919 superioria,
836 2840 877 2901 ad
898 2857 992 2920 quem
1013 2839 1121 2920 appel-

186 2929 244 2993 lari
259 2934 371 3010 potest,
385 2930 495 2993 tollere
506 2931 633 3012 potest),
642 2933 821 2994 etolausula
831 2931 899 2994 haeo
912 2933 943 2992 in
955 2933 1117 3013 rescripto,

187 3025 292 3106 plures
321 3025 469 3087 articulos
495 3026 684 3104 continente,
716 3025 768 3108 qui
797 3045 817 3086 a
844 3045 877 3087 se
904 3026 1038 3088 invicem
1065 3027 1120 3087 de-

187 3119 345 3197 pendent,
382 3119 407 3180 si
439 3119 479 3180 ab
514 3139 576 3182 uno
613 3138 723 3182 eorum
753 3122 954 3181 removeatur
981 3119 1121 3200 appella-

186 3210 241 3288 tio,
275 3212 369 3274 ctiam
404 3213 436 3273 in
466 3212 535 3274 aliis
564 3213 706 3293 ejusdem
728 3213 872 3292 rescripti
898 3213 1036 3275 articulis
1057 3227 1120 3275 uon

187 3321 337 3366 concessa
351 3309 505 3384 censetur,
523 3307 651 3368 eumad
670 3325 799 3368 causam
814 3307 1030 3388 principalem,
1049 3325 1119 3388 quae

188 3397 392 3460 committitur
401 3399 610 3478 appellatione
623 3403 764 3462 remota:
779 3419 888 3463 omnes
903 3401 1015 3463 eodem
1024 3399 1119 3462 modo

187 3509 220 3558 se
243 3489 390 3553 habeant.
413 3491 502 3564 Quod
520 3491 634 3558 sivero
649 3493 741 3574 plura
757 3491 882 3557 diversa
909 3494 1047 3576 negotia,
1063 3510 1119 3562 seu
