2586 4020
218 291 277 354 ffl
429 301 659 352 lnsmrtfflorus
680 301 763 348 tuuls
785 299 940 349 conculca

219 453 251 513 et
259 447 464 530 probabiliter
478 447 573 509 etiam
589 445 720 524 intelligi
736 445 796 506 hoc
817 462 880 506 non
905 443 1000 507 debet
1024 444 1062 507 de
1081 465 1150 507 sus·

218 543 380 623 pensione,
393 559 463 622 quae
473 541 513 603 sit
526 541 565 601 ch
576 539 725 600 delictum
731 555 819 599 mere
832 537 1037 618 praeteritum,
1045 542 1076 600 et
1087 557 1150 601 non

217 639 285 698 tam
298 635 454 698 medicina
468 632 684 708 contumacia,
703 649 799 710 quam
813 648 909 709 poena
927 630 1032 692 delicti
1051 634 1107 693 cst.

258 730 336 791 vlll.
353 726 398 788 De
413 724 584 808 quibusdum
609 723 721 785 oucibus
741 724 771 783 iu
791 722 894 804 quibus
912 723 1071 803 appellatio
1093 744 1151 784 noa

217 819 398 882 admittitur.
407 821 522 881 Contra
528 817 689 899 praelatum
698 816 830 893 electum,
838 822 870 877 et
879 834 898 877 a
907 815 1047 895 legitimo
1059 835 1150 897 supe-

217 913 301 975 riore
312 912 380 993 jam
393 911 597 992 confirmatum
615 928 679 971 ncn
694 908 870 970 admittitur
892 909 1072 989 appellatio,
1096 913 1151 972 aut

218 1005 359 1084 exceptio
372 1004 414 1065 ad
431 1002 646 1064 executionem
666 1001 759 1078 illius,
774 1004 806 1087 et
817 1001 1021 1079 possessionis
1032 1001 1150 1063 immis-

217 1098 339 1159 sionem
346 1095 590 1174 impediendam,
599 1093 657 1155 nisi
668 1093 861 1156 rationabilis
874 1111 970 1156 causa
984 1095 1147 1174 allegetur.
1185 1125 1189 1136 ·

217 1188 304 1251 Licet
318 1187 475 1250 accusatio
487 1190 596 1248 contra
610 1204 693 1263 eum,
706 1190 738 1248 et
745 1186 940 1249 denuntiatio
952 1187 1147 1265 admittatur,

216 1281 276 1342 nisi
290 1280 466 1359 excipiatur
477 1281 586 1342 contra
603 1279 777 1356 electores,
807 1282 861 1340 aut
882 1279 1147 1357 confirmatorem,
1271 1277 1272 1338 t

217 1374 303 1462 quod
328 1372 475 1453 eligendi,
497 1379 552 1434 aut
573 1371 778 1434 confirmandi
802 1375 991 1452 potestatem
1005 1391 1069 1434 non
1095 1372 1149 1433 ha·

216 1465 352 1543 buerint,
363 1470 394 1527 et
407 1466 467 1526 hoc
476 1466 509 1526 in
521 1465 692 1527 continenti
706 1463 835 1544 probari
845 1464 954 1542 possit,
971 1468 1026 1527 aut
1039 1468 1150 1527 contra
1271 1529 1272 1554 ἒ

217 1558 352 1620 electum
383 1557 573 1638 excipiatur,
602 1556 687 1637 quod
712 1556 831 1618 crimen
859 1557 1073 1636 commiserit,
1098 1558 1150 1619 cui
1271 1617 1272 1638 ,

215 1650 346 1712 infamia
357 1649 467 1731 juncte
490 1649 547 1727 sit,
562 1652 618 1711 ant
645 1649 731 1728 quod
745 1649 937 1714 commiserit
949 1650 1068 1712 crimen
1079 1650 1149 1712 falsi

215 1744 249 1804 in
263 1742 500 1806 confirmatione
516 1741 697 1819 obtinenda,
711 1744 771 1804 etc.

256 1836 355 1899 Sicuti
370 1834 501 1897 enimin
524 1834 573 1896 his
587 1834 712 1897 casibus
731 1835 907 1898 admittitur
926 1837 1090 1917 exceptio,
1114 1837 1149 1898 ut

216 1930 397 1993 consulatur
410 1929 493 1992 bono
509 1927 668 2005 Ecclesiae,
691 1928 735 1990 ita
749 1927 863 1989 inullis
879 1928 1002 1992 casibus
1017 1947 1080 1990 non
1093 1928 1149 1990 ed‘-

215 2023 351 2085 mittitur
363 2021 403 2084 ob
412 2021 700 2102 praesumptionem,
717 2039 813 2100 quem
832 2038 889 2100 pro
914 2039 947 2083 se
969 2022 1067 2083 habet
1079 2024 1149 2101 post

216 2115 411 2192 electionem,
428 2117 460 2176 et
473 2113 754 2190 confirmationem,
766 2117 798 2175 et
807 2113 847 2175 ob
856 2113 1146 2193 praesumptionem,

216 2209 301 2288 quod
315 2208 469 2270 malitiose
479 2197 532 2268 alii
545 2205 642 2268 velint
653 2206 742 2268 illum
758 2205 923 2286 impedire.

257 2301 320 2365 Sed
334 2301 388 2363 alii
406 2301 683 2364 etiamsuntcasus
701 2319 707 2360 :

255 2395 360 2458 Primo
382 2398 491 2456 contra
507 2392 578 2474 jus,
593 2399 649 2453 aut
666 2390 746 2472 juris
766 2390 982 2453 executionem
1007 2409 1069 2452 nou
1093 2391 1149 2452 ad·
1270 2435 1271 2444 ,

104 2536 106 2540 .
215 2488 350 2550 mittitur
363 2485 542 2566 appellatio,
558 2484 633 2564 quia
651 2483 703 2564 jus
719 2483 876 2545 neminem
895 2483 1010 2564 injuste
1022 2487 1145 2562 gravat,

216 2580 276 2641 nisi
291 2597 386 2642 ceusu
400 2577 504 2656 aliqua
525 2575 719 2637 rationabilis
737 2577 905 2655 allegetur,
924 2579 956 2637 et
976 2575 1146 2654 probetur,

215 2674 454 2752 propterquam
463 2669 496 2730 in
507 2667 634 2747 speciali
648 2668 703 2729 tuli
715 2687 791 2730 casu
802 2668 854 2749 jus
867 2686 1033 2731 commune
1043 2667 1148 2729 locum

216 2764 394 2827 nonhabet.

255 2854 401 2920 Secundo
429 2854 468 2915 ob
501 2852 583 2914 hanc
606 2853 708 2932 ipsam
733 2871 860 2914 cansam
888 2871 951 2914 non
975 2852 1148 2915 admittitur

217 2948 383 3030 appellatio
399 2965 419 3010 a
436 2945 591 3026 religiosis
602 2943 686 3009 lacta
697 2950 807 3009 contra
821 2945 1059 3009 constitutiones
1073 2961 1146 3006 suas

215 3043 435 3198 reffiesfion
449 3130 625 3194 admittitur
638 3130 805 3211 appellatio
828 3147 955 3209 apoeua
971 3148 1029 3210 per
1042 3129 1146 3208 legem

216 3221 1147 3305 delinita,ctssententiujudicisadhancpoenumcondem·

217 3320 320 3382 nantis
334 3337 374 3382 ne
388 3319 533 3382 videatur
546 3317 618 3379 talis
643 3316 793 3397 conqueri
814 3314 919 3394 potius
942 3314 981 3377 de
996 3313 1074 3393 legis
1088 3313 1148 3375 ini·
1269 3367 1270 3402 ,

218 3411 348 3494 quitate,
364 3429 460 3491 quam
470 3407 652 3492 judicantis.

259 3505 374 3582 Quarto
390 3519 511 3566 amere
523 3500 704 3566 executione
719 3498 869 3582 appellari
883 3515 946 3562 uon
961 3502 1076 3581 potest,
1085 3497 1144 3566 nisi
