2584 4022
530 373 569 420 nr
589 373 728 422 runicus.
797 327 802 347 ’
1050 361 1090 426 29

160 521 267 584 utrum
282 518 351 601 quis
364 517 495 580 clericus
506 519 556 598 sit,
573 520 598 580 si
611 520 693 581 hano
707 519 923 600 exceptionem
934 521 1088 586 odiorum

159 611 381 675 declinandum
396 615 534 694 opponat
546 612 668 693 aliquis,
683 631 872 692 cognoscere
887 607 1089 696 debet'judex

160 705 398 782 aeclesiasticus,
415 705 460 766 uti
477 705 594 782 eiiam,
611 706 636 766 si
653 706 721 786 quis
743 705 861 768 fraudis
885 710 1037 786 arguatur
1055 707 1088 769 in

159 798 358 873 assumendo,
375 804 429 859 aut
442 798 665 860 reassumendo
681 802 763 860 statu
778 799 924 862 clericali.

198 894 250 953 Xl.
276 891 337 965 Ouo
348 891 417 971 jure
430 891 545 968 cleriei,
562 891 694 971 aliaque
709 908 851 970 persona
869 891 1087 956 ecelesiastica

157 986 220 1047 sint
234 988 385 1063 exempta
403 1003 422 1044 a
437 983 665 1064 jurisdictione,
690 987 722 1046 et
742 987 896 1063 potestate
920 985 1084 1064 saeculari,

157 1096 233 1138 num
242 1077 370 1158 positivo
381 1083 505 1154 tontum,
522 1095 577 1137 seu
587 1077 738 1154 humano,
754 1095 795 1138 an
807 1076 903 1140 etiam
914 1077 1031 1156 diolco,
1056 1082 1087 1141 et

155 1168 314 1231 naturali?
328 1168 386 1242 Qui
399 1169 539 1247 clericae,
557 1172 588 1230 et
602 1169 678 1230 alias
691 1187 842 1249 personas
859 1171 1086 1233 aeclesiasticas

154 1262 226 1344 jure
241 1261 347 1322 divino
365 1264 396 1323 et
419 1261 555 1323 naturali
581 1261 721 1324 eximunt
739 1281 758 1323 a
778 1263 859 1324 laioa
872 1266 1026 1342 potestate
1055 1267 1086 1326 et

154 1354 382 1436 jurisdictione,
399 1353 488 1414 multi
512 1357 606 1431 sunt,
631 1357 663 1415 et
690 1372 753 1416 non
780 1355 863 1416 levia
880 1354 1085 1417 fundamenta

157 1446 276 1508 babent
289 1465 353 1508 suae
371 1446 537 1525 opinionis,
558 1463 622 1508 non
635 1449 759 1508 tantum
774 1466 812 1508 ex
826 1448 963 1528 Antiquo
978 1449 1085 1510 Testa-

155 1543 262 1601 mento
274 1586 282 1616 ,
296 1539 349 1600 uhi
362 1539 528 1611 levitarum
542 1539 659 1616 tribus,
676 1539 753 1599 nulli
777 1538 830 1600 alii
848 1539 944 1601 tribui
958 1539 1084 1602 subdita

155 1634 268 1709 fuerat,
284 1632 340 1693 sed
355 1631 412 1692 soli
427 1632 555 1709 Aaroni,
572 1637 603 1692 et
617 1632 849 1694 suecessoribus
867 1632 1083 1694 sacerdotibus

155 1725 295 1804 summis,
304 1729 377 1802 eto,
388 1715 449 1784 'sed
461 1723 555 1786 etiam
572 1743 608 1784 ex
622 1724 1083 1804 N0v0(Matto.17)‚ubioh1ts-

152 1822 203 1881 tus
217 1819 365 1897 seipsum,
374 1821 406 1880 et
413 1817 540 1879 Petrum
553 1835 572 1878 a
584 1817 733 1878 solvendo
747 1817 864 1880 tributo
878 1817 970 1878 eximi
979 1822 1079 1896 putat,

152 1916 228 1988 eto,
244 1915 275 1973 et
289 1930 328 1970 ex
338 1910 409 1990 J'ure
419 1908 581 1985 canonico,
598 1927 625 1971 e.
643 1912 841 1990 Quamquam
854 1910 1079 1986 l.,Deceosib.

153 2004 185 2066 in
199 2009 229 2082 6,
244 2008 275 2066 et
285 2023 323 2064 ex
334 2003 487 2079 Trident,
503 2021 580 2064 sess·
596 2005 646 2080 25,
670 2021 697 2064 e.
710 2005 758 2080 10,
780 2003 823 2064 De
840 2004 966 2065 reform.
990 2003 1029 2064 nt
1043 2007 1089 2062 ex

154 2097 275 2158 ratione
285 2095 431 2175 denique,
447 2112 485 2156 eo
504 2095 588 2175 quod
603 2113 745 2174 personae
756 2096 834 2156 tales
844 2095 946 2157 sintin
963 2095 1090 2157 sortem'

155 2190 210 2252 Dei
223 2195 408 2268 segregatae,
421 2187 445 2248 si
459 2206 534 2268 ergo
549 2187 610 2250 alia
619 2188 791 2259 inanimata
803 2234 810 2266 ,
824 2188 856 2248 in
873 2187 1080 2249 ministerium

155 2282 211 2344 Dei
225 2281 425 2361 peculiariter
438 2280 553 2342 selecta
566 2327 574 2357 ,
586 2281 632 2341 uti
643 2283 716 2340 sunt
734 2279 815 2340 sacri
836 2279 968 2354 oelioeS,
991 2297 1082 2339 saera

154 2374 275 2450 altaria,
290 2372 418 2454 templa,
431 2377 462 2434 et
469 2389 545 2433 vasa
557 2372 618 2432 alia
629 2369 734 2430 altaris
742 2368 913 2428 ministerio
923 2368 1078 2446 dedicata,

154 2467 316 2546 aprofano
328 2484 405 2541 usu,
426 2469 457 2526 et
468 2464 550 2526 civili
569 2461 772 2542 dispositione
788 2462 932 2539 exempta
946 2462 1019 2521 sunt
1040 2461 1079 2521 de

150 2558 221 2640 jure
234 2558 367 2620 naturali
387 2564 418 2619 at
429 2557 555 2634 divino,
573 2575 628 2618 cur
638 2573 701 2615 non
714 2553 807 2616 etiam
823 2571 965 2634 persona>
981 2554 1082 2615 eccle·

152 2651 304 2713 siastieae?

192 2745 246 2806 llis
261 2749 366 2806 tamen
377 2744 454 2806 nihil
467 2743 661 2805 obstantibus
675 2743 791 2804 fatetur
801 2740 929 2822 quidem
943 2758 1080 2802 commn-

153 2838 222 2900 nior
236 2837 401 2914 sententia,
424 2835 617 2916 originaliter
629 2835 708 2916 juris
723 2834 822 2895 divini
837 2851 904 2894 esse
922 2832 1004 2893 hano
1018 2832 1081 2894 ele·

152 2931 290 2992 ricorum
303 2929 544 3009 exemptionem,
559 2947 596 2990 eo
615 2927 698 3009 quod
716 2927 834 2988 scilieet
854 2928 937 2988 Deus
959 2923 1082 2985 dederit

153 3022 279 3085 Summo
296 3023 439 3084 Pontifici
456 3023 539 3083 hano
557 3019 713 3082 eximendi
731 3021 939 3097 potestatem3
963 3018 995 3075 et
1006 3014 1081 3074 satis

152 3119 272 3178 eertum
295 3134 373 3193 esse,
398 3115 481 3196 quod
505 3113 530 3175 si
545 3114 577 3174 in
590 3112 684 3171 rebus
698 3128 784 3170 mere
800 3105 1025 3188 spiritualibus,
1049 3109 1081 3167 at

153 3209 370 3271 ecclesiasticis
385 3207 540 3287 exemptio
552 3206 620 3267 haeo
632 3203 673 3264 sit
681 3201 761 3283 juris
781 3199 877 3262 divini
888 3197 1078 3274 formaliter,

152 3305 184 3363 et
197 3300 391 3378 immediate,
408 3301 594 3363 elericorum
607 3301 733 3372 tamen,
756 3297 787 3354 et
807 3292 918 3355 talium
930 3310 1081 3373 persona-

152 3393 519 3456 rum'eeolesiasticarum
531 3391 760 3470 exemptionem
772 3385 956 3463 formaliter,
975 3387 1005 3446 et
1023 3385 1082 3445 im·

150 3478 1082 3568 mediatejurisessepositivihnmani,tamennonici,quam
1184 3475 1187 3482 '

152 3578 272 3654 civilis3
291 3583 360 3641 tum
376 3579 461 3660 quod
478 3581 617 3656 potestas¹
631 3575 714 3637 cirea
734 3572 944 3637 ecclesiastiea
965 3575 996 3629 et
1018 3565 1083 3643 spi-

964 3672 994 3728 2*
