2586 4020
199 255 259 316 {32
408 262 636 312 rnsnrurronas
657 263 740 310 sunrs
761 262 917 310 aaronica

198 429 329 474 numero
344 410 491 491 loquatur
509 409 577 491 (nos
589 409 722 491 judiees,
740 428 797 472 nos
811 408 937 485 arbitri,
952 408 1038 488 eta),
1056 427 1131 470 oum

197 504 268 568 talis
281 503 436 566 sententia
448 521 510 566 non
527 503 705 582 proferatur
715 504 755 565 ab
770 522 832 565 uno
843 501 969 564 nomine
987 501 1128 580 capituli,

198 601 230 662 ot
243 597 414 678 oollegialis
429 614 492 659 non
506 595 556 660 sit

588 751 691 806 CAPUT
708 750 741 806 11.

358 909 393 949 DE
410 907 541 958 EFFEGTU,
560 908 595 946 lta·
610 907 785 947 EXE'GU'I'IONE
802 907 969 948 enarraris.

208 1009 210 1016 ,
238 1043 262 1102 1.
281 1038 350 1112 (luis
361 1039 399 1100 sit
413 1037 538 1117 effectas
551 1038 702 1099 sententiar
713 1037 781 1099 lrrtoe
791 1039 872 1099 inter
886 1042 990 1117 partes
1003 1038 1130 1118 litigan-

198 1136 256 1208 tes,
264 1135 295 1192 et
303 1130 487 1192 aneaetiam
496 1131 594 1209 prosit
603 1131 653 1191 vel
664 1130 1029 1210 obsitaliisiPraeoipuus
1039 1132 1132 1192 elleo-

197 1228 248 1287 tus
270 1223 431 1286 sententiae
455 1223 625 1286 definitivae
645 1226 712 1300 est,
737 1223 821 1302 quod
848 1224 930 1284 inter
949 1227 1055 1302 partes
1070 1223 1133 1285 liti·

198 1321 320 1399 gantes,
337 1315 509 1397 intorques
524 1316 588 1376 lota
600 1319 657 1392 est,
669 1315 721 1396 jus
734 1315 838 1394 iaciat,
855 1316 881 1378 si
896 1317 936 1377 ab
949 1335 987 1378 ea
1000 1315 1133 1388 nonfuit

197 1416 340 1492 tempore
354 1427 493 1490 congruo
517 1409 727 1488 appellatum,
754 1412 808 1470 aut
822 1409 989 1489 appellatio
1005 1409 1131 1472 deserta

198 1503 266 1581 fuit,
283 1503 358 1583 quia
371 1505 440 1564 tum
454 1502 589 1564 habetur
602 1519 659 1580 pro
673 1501 805 1563 veritate
819 1501 888 1562 aliis
904 1505 1026 1580 tamen,
1048 1501 1131 1564 inter

199 1613 278 1675 quos
288 1595 425 1656 latanon
440 1601 501 1672 est,
517 1592 674 1656 ordinarie
690 1611 753 1655 non
768 1594 966 1674 praejudicat.

240 1704 347 1780 Neque
356 1701 440 1760 enim
454 1700 508 1761 uni
521 1718 578 1778 per
593 1699 724 1760 alterum
739 1699 847 1780 iniqua
861 1701 998 1763 conditio
1021 1701 1129 1762 inferri

200 1794 304 1868 debet
316 1798 347 1856 et
354 1811 426 1856 oum
432 1793 591 1873 litigantes
597 1792 679 1854 inter
686 1811 720 1854 se
732 1793 821 1872 quasi
831 1793 1029 1872 contrahant,
1038 1794 1071 1854 in
1083 1811 1131 1855 or·

200 1887 273 1950 dine
282 1888 322 1949 ad
331 1886 481 1968 judicem,
491 1903 597 1947 eoram
613 1903 675 1966 quo
689 1885 822 1965 litigant,
835 1886 930 1948 etiam
942 1886 1129 1948 sententiam

187 1981 281 2060 ,ferre
294 1980 420 2056 debent,
437 1998 508 2060 quae
522 1979 552 2038 in
571 1997 667 2040 eausa
685 1977 740 2040 tali
764 1977 1017 2057 pronuntiabitur
1034 1999 1041 2041 :
1056 1969 1150 2041 oon?

199 2076 319 2137 tractus
334 2075 440 2136 autem
455 2089 509 2132 eos
523 2074 665 2149 tantum,
682 2071 735 2150 qui
756 2071 837 2133 inter
851 2091 884 2134 ss
897 2075 1129 2152 contraxerunt,

200 2166 350 2246 obligant,
368 2169 597 2246 consequenter
618 2182 710 2226 nemo
725 2164 825 2242 alius,
842 2183 938 2245 quam
956 2165 1127 2244 litigantes,

200 2258 611 2332 haosententiatenebitur;
634 2261 666 2320 et
686 2257 776 2319 siouti
800 2257 869 2318 aliis
884 2276 923 2318 ea
942 2276 1005 2320 non
1027 2258 1127 2337 obest,
1214 2257 1216 2262 '

201 2354 245 2416 ita
256 2371 314 2415 neo
329 2353 398 2417 eliis
414 2371 452 2414 ea
471 2351 621 2432 prodost3
639 2350 698 2412 nisi
720 2349 746 2411 is
772 2349 823 2412 oui
843 2350 1067 2429 principaliter,
1099 2355 1131 2413 et

202 2446 302 2525 primo
326 2446 394 2507 looo
415 2444 496 2506 actio
515 2444 565 2504 vel
582 2443 721 2504 defensio
736 2461 838 2504 oausae
857 2443 890 2503 in
905 2442 1059 2524 judioium
1079 2443 1130 2505 de-

202 2538 303 2598 ductae
319 2537 477 2615 competit,
490 2536 586 2596 alium
596 2535 733 2612 patiatur
743 2554 848 2616 agere,
859 2555 953 2616 quem
963 2537 1129 2615 prohibere

202 2633 326 2708 posset,
347 2647 380 2688 se
398 2626 615 2688 substituendo
636 2627 667 2688 in
690 2628 794 2690 looum
820 2629 923 2707 illiue,
940 2631 990 2690 vel
1009 2635 1130 2708 protes-

201 2721 297 2784 tando
329 2724 438 2783 eontra
472 2719 581 2796 illum,
609 2720 660 2781 vel
698 2721 724 2780 si
761 2740 870 2800 passus
902 2722 961 2784 luit
986 2741 1083 2800 eum,
1110 2741 1131 2784 a

202 2833 264 2895 quo
289 2830 417 2875 oausam
438 2811 557 2889 habet,
578 2830 690 2891 agere,
721 2817 776 2875 aut
800 2814 967 2876 defendere
990 2815 1023 2875 in
1045 2814 1132 2896 judi·

202 2907 266 2984 eio,
294 2909 386 2985 prout
411 2905 525 2966 iterum
543 2922 581 2965 ex
600 2904 651 2966 oit.
677 2924 704 2968 o.
729 2908 847 2986 penult.
874 2908 1049 2986 patet;,vel
1072 2907 1130 2968 nisi

201 3003 330 3081 proptor
342 2995 491 3074 oriminis,
513 3016 543 3060 v.
564 3017 610 3078 g.,
628 3001 820 3062 consortium
838 3000 967 3061 infamia
985 3001 1079 3062 etiam
1097 3000 1130 3061 in

201 3093 378 3154 oonsorteur
390 3089 557 3167 redundet,
577 3094 633 3152 aut
647 3092 782 3154 aliorum
794 3091 935 3172 legitime
950 3093 1128 3170 citatorum,

201 3184 254 3265 qui
268 3187 375 3244 tamen
389 3181 429 3242 ad
443 3182 598 3262 judicium
615 3185 723 3246 venire
737 3185 914 3262 noluerunt,
930 3173 1051 3248 intersit
1063 3204 1132 3247 sen-

201 3276 300 3340 tentia
313 3275 392 3350 lata;
410 3279 465 3337 aut
486 3275 623 3357 denique
638 3296 741 3340 oausae
754 3278 816 3340 sint
839 3296 998 3356 oonnexae,
1028 3279 1071 3340 ita
1097 3282 1132 3341 nt

202 3386 265 3432 non
280 3369 378 3448 possit
391 3386 448 3448 pro
459 3387 532 3448 uno,
542 3367 605 3432 'aut
630 3375 739 3434 eontra
757 3390 856 3434 unum
879 3372 953 3433 ferri
966 3371 1130 3453 sententia,

204 3461 280 3551 quin
291 3461 345 3524 illa
356 3462 450 3526 etiam
466 3463 600 3528 alterum
612 3463 738 3526 afficiat.
