2584 4022
532 280 570 331 na
591 283 728 332 runicus,
1053 271 1089 330 ti

156 427 254 496 etiam
265 435 353 494 extra
363 429 554 496 territorium
563 429 779 512 persequentis
791 429 1089 512 continuaripotest.

156 525 322 599 Quomodo
341 523 436 586 etiam
459 523 607 603 praelatus
629 523 783 602 regularis
803 522 835 583 iu
867 523 1023 602 quoslibet
1044 523 1094 584 sui

155 617 277 680 ordinis
295 617 472 697 regulares,
502 615 692 697 ubicumque
712 614 918 695 delinquunt,
943 615 1092 697 jurisdic-

153 710 275 774 tionem
286 710 382 772 habet
391 709 511 771 ratione
524 709 711 772 obedientiae
725 708 768 769 ihi
780 707 954 788 promissa,
964 711 995 770 et
1003 706 1092 770 belli-

157 802 222 864 dur
243 803 275 862 in
291 799 447 881 quoslihet
460 799 574 862 milites
591 801 640 861 sui
654 799 818 862 exercitus.

199 897 237 957 V.
256 893 419 968 Quomodo
432 941 440 971 ,
453 898 485 955 ct
498 893 624 974 quando
641 893 848 956 constituatur
860 894 964 956 forum
978 893 1093 956 ratione

156 985 488 1050 contractus?Ratione
510 989 698 1064 contractus,
722 987 888 1067 autquasi
913 991 1091 1049 contractus

155 1081 263 1144 sortiri
287 1080 390 1141 forum
413 1080 633 1142 contrahentes
654 1079 709 1156 ibi,
736 1079 789 1140 uhi
811 1083 1050 1158 contraxerunt,
1066 1080 1091 1142 si

154 1173 307 1238 tamenin
320 1173 389 1235 loco
402 1220 410 1250 ‚
428 1173 481 1234 uhi
493 1175 735 1251 contraxerunt,
752 1188 874 1234 moram
888 1174 1025 1252 habent,
1046 1177 1092 1235 ta·

155 1268 305 1343 bernam,
323 1265 498 1344 officinam,
519 1265 689 1328 tentorium
713 1265 879 1345 erigendo,
906 1267 947 1327 ad
970 1285 1091 1328 merces

156 1359 388 1436 distrahendas,
396 1359 463 1420 sive
478 1360 628 1421 horreum
640 1358 896 1420 conduxerintad
909 1359 1088 1438 emendum,

159 1455 215 1514 aut
232 1451 434 1514 vendendum
459 1451 692 1533 (nequeenim,
710 1450 763 1531 qui
783 1469 855 1514 cum
875 1451 1017 1530 viatore,
1037 1455 1092 1514 aut

157 1544 324 1625 peregrino
340 1545 443 1606 sciens
458 1545 542 1608 hunc
556 1545 662 1622 talem,
680 1549 711 1606 et
725 1544 830 1608 statim
847 1545 961 1607 iterum
975 1544 1092 1606 disces-

156 1645 284 1716 surum,
300 1637 466 1715 contrahit,
487 1637 519 1698 iu
531 1638 600 1700 loco
617 1641 794 1700 contractus
809 1639 893 1700 huno
907 1638 1003 1700 talem
1016 1653 1092 1700 con-

156 1731 265 1794 venire
279 1731 404 1811 poterit,
418 1731 479 1792 nisi
491 1730 585 1792 etiam
600 1731 651 1792 hic
665 1732 736 1793 talis
748 1731 780 1792 iu
792 1732 933 1813 judicem
948 1736 1090 1795 contrac-

158 1827 209 1886 tus
221 1823 448 1900 consensisset,
461 1827 517 1886 aut
530 1823 614 1885 aliud
630 1825 735 1905 exigat
757 1829 870 1888 natura
890 1829 1089 1904 contractus,

158 1919 214 1978 aut
228 1916 420 1980 consuetudo
435 1915 511 1991 loci,
529 1916 604 1978 alias
619 1917 704 1979 enim
717 1918 919 1980 durissimum
931 1919 987 1980 tali
1000 1937 1092 1998 pere-

158 2009 250 2089 grino
266 2009 367 2088 foret,
395 2009 512 2089 ubique
532 2009 695 2088 iocorum,
718 2029 780 2092 quo
802 2012 939 2089 devenit,
962 2030 1091 2091 respou-

158 2101 258 2182 dere),
275 2105 306 2163 et
320 2103 390 2163 siin
402 2103 472 2164 loco
487 2106 665 2166 contractus
676 2105 863 2184 reperiatur.

199 2194 232 2258 Si
243 2195 587 2258 territoriocontraotus
595 2195 663 2277 jam
679 2201 889 2276 excesserunt,
903 2199 1009 2279 urgeri
1022 2217 1090 2260 am-

159 2286 242 2368 plius
262 2305 325 2350 non
343 2293 491 2368 possunt,
516 2288 556 2349 ad
580 2290 827 2368 comparendum
853 2307 960 2350 coram
982 2289 1089 2370 judice

157 2380 219 2442 loci
233 2373 320 2442 'iliius
343 2380 559 2460 personaliter,
580 2381 723 2462 quamvis
741 2380 891 2441 immissio
913 2381 945 2439 iu
963 2381 1089 2442 illorum

158 2473 244 2536 bona
257 2520 264 2551 ,
277 2473 303 2534 si
322 2492 391 2554 quea
406 2474 524 2536 habeut
537 2474 568 2534 in
582 2472 637 2535 tali
649 2473 825 2552 territorio,
843 2476 874 2534 et
884 2471 969 2534 citati
981 2477 1088 2534 contu-

157 2567 290 2628 maciter
301 2567 413 2644 absint,
425 2567 494 2628 fieri
508 2567 622 2647 possit,
638 2567 689 2629 vel
703 2567 729 2628 si
742 2567 828 2629 nulla
841 2567 926 2628 bona
937 2566 1085 2646 habeant,

158 2651 192 2722 ih
209 2660 278 2722 loco
299 2663 492 2738 contractus,
512 2661 651 2723 habeant
663 2665 768 2723 tamen
783 2661 815 2721 iu
830 2661 898 2722 ioco
914 2660 1085 2737 domicilii,

75 2827 79 2838 ·
155 2753 293 2815 adhunc
309 2755 414 2815 locum
429 2758 517 2816 ector
531 2755 646 2817 remitti
662 2754 796 2835 poterit,
822 2758 854 2816 et
873 2753 972 2834 judex
989 2753 1087 2814 domi-

156 2845 218 2908 cilii
232 2847 359 2928 requiri,
368 2850 403 2909 ut
417 2851 555 2908 actorem
566 2848 723 2909 bonorum
734 2847 845 2909 talium
856 2845 1086 2926 possessiouem

157 2939 314 3002 immittat.
332 2935 408 3012 Quae
427 2947 533 3001 tamen
557 2929 663 3003 omnia
687 2939 892 3020 intelligenda
916 2944 1002 3015 sunt,
1027 2937 1085 2998 uisi

157 3032 248 3095 aliter
274 3032 494 3094 contrahentes
517 3033 738 3110 convenerint,
762 3033 814 3113 qui
834 3033 923 3094 sicuti
940 3029 1086 3093 solutioni

154 3125 308 3187 faciendae
331 3129 451 3188 certum
476 3126 584 3187 locum
608 3126 771 3188 nominare
799 3128 946 3205 possunt,
975 3123 1020 3185 ita
1045 3123 1086 3186 ad

154 3223 351 3281 contractum
363 3218 559 3296 implendum
571 3219 738 3282 convenire
753 3223 898 3300 possunt,
923 3218 962 3280 de
985 3217 1086 3280 domi-

152 3310 233 3389 cilii,
248 3312 298 3374 vel
313 3313 375 3373 loci
392 3311 540 3374 celebrati
557 3316 734 3375 contractus
745 3313 863 3395 judice,
880 3318 935 3375 aut
951 3315 1085 3394 recepta

153 3404 373 3496 consuetudini
389 3405 678 3476 deferendumerit.
741 3421 742 3424 ’
