2584 4022
543 287 582 336 an
602 287 740 336 summis.
1076 273 1114 332 75

187 440 255 498 tum
267 432 366 515 possit
376 433 497 509 ratione
513 433 697 496 universalis
719 431 851 513 alicujus
869 431 1113 512 jurisdictionis,

188 528 406 604 admittuntur,
420 546 492 589 eum
506 531 595 589 tanta
606 527 639 587 in
652 527 706 588 tali
722 545 797 588 nasu
818 525 953 603 suspicio
969 545 1036 590 esse
1054 545 1116 590 non

186 621 305 702 possit:
322 621 407 682 omni
422 624 527 682 tamen
543 620 725 700 exceptione
739 619 875 699 maj0res
891 639 954 680 non
964 624 1046 682 sunt.

226 714 306 776 XIV.
329 713 378 772 Aa
399 713 490 774 socius
510 713 659 787 criminis,
675 713 725 774 vel
746 713 920 788 bonarum,
937 712 1035 791 possit
1049 730 1116 774 esse

186 807 274 868 testis
289 823 346 884 pro
364 805 461 883 suein,
478 805 528 866 vel
544 808 651 867 eontra
669 805 781 866 illum?
796 805 942 878 Quamvis
957 805 1118 866 universa-

185 899 256 961 liter
269 898 428 978 lequendo
441 917 498 978 pro
512 899 562 978 vel
573 898 811 960 conbasoeium
830 898 970 961 oriminis
983 916 1047 960 non
1066 898 1118 959 de·

184 992 258 1053 beat
265 990 297 1052 in
307 994 418 1052 testem
429 991 569 1054 adhiberi
582 991 684 1052 senius
697 991 834 1054 oriminis
841 991 932 1072 juxta
942 1011 966 1052 c.
987 990 1116 1069 Veniens,

187 1087 237 1161 10,
252 1083 281 1147 Ιι.
301 1091 337 1161 t.,
353 1103 390 1146 eo
401 1084 487 1164 qued
498 1084 569 1146 talis
580 1084 699 1147 sitvilis
711 1097 857 1163 persona,
877 1085 1001 1146 infamis
1015 1088 1047 1146 et
1059 1085 1117 1146 eri-

184 1177 335 1254 minosus,
350 1195 387 1238 aa
399 1177 498 1238 subsit
510 1177 684 1257 perieulum
698 1177 785 1239 falsae
800 1177 1024 1257 depositionis,
1042 1181 1115 1255 eta,

184 1271 217 1332 in
230 1271 290 1332 ibis
302 1272 408 1332 tamen
423 1270 559 1348 casibus,
580 1270 613 1330 in
634 1271 748 1351 quibus
771 1270 811 1332 de
833 1271 928 1332 sociis
944 1270 1117 1332 examinari

185 1365 288 1443 petest
297 1381 381 1440 reus,
387 1363 478 1444 juxta
488 1362 632 1441 superins
642 1356 736 1440 diota,
744 1363 839 1424 etiam
849 1363 1001 1425 intestam
1009 1363 1120 1426 admit

185 1455 270 1531 titur,
286 1458 317 1517 et
332 1455 485 1535 depositio
499 1455 582 1518 illius
598 1501 606 1533 ,
623 1455 713 1535 aienti
729 1455 856 1516 alterius
871 1455 940 1516 vilis
952 1459 983 1518 et
994 1454 1119 1519 infamis

184 1565 338 1627 personae,
352 1547 458 1625 fidem,
471 1548 527 1609 sed
537 1548 629 1610 valde
643 1548 800 1627 exiguam,
812 1548 887 1610 faoit
902 1567 908 1608 :
923 1552 1017 1627 prout
1024 1547 1120 1608 etiam

183 1640 215 1708 in
231 1640 360 1701 erimine
381 1641 521 1703 simonia
536 1641 729 1720 fieripetest,
742 1641 766 1702 si
783 1641 915 1702 civiliter
928 1645 1061 1717 tantum,
1080 1637 1120 1700 ad

180 1733 388 1813 privationem
402 1734 521 1795 scilieet
533 1733 678 1796 benefioii
693 1738 816 1814 agatur,
834 1738 866 1796 et
879 1733 931 1796 hie
953 1735 1007 1814 qui
1022 1736 1122 1796 testa·

180 1828 242 1904 tur,
258 1826 360 1888 senius
375 1826 503 1906 quidem
514 1824 662 1904 oriminiS,
677 1844 741 1888 nnn
755 1830 862 1888 autem
877 1825 1018 1888 muneris
1032 1826 1092 1886 fuit
1107 1870 1115 1902 ,

182 1919 303 1980 nullum
311 1937 348 1978 ex
361 1937 417 1980 sua
425 1919 644 1998 cooperatione
658 1921 904 1990 emolumentum
920 1918 1114 1999 accipienda.
1135 1983 1138 1988 ,

223 2011 322 2074 Sicuti
336 2017 442 2074 autem
463 2013 565 2076 sobius
584 2012 721 2074 criminis
740 2031 802 2076 non
817 2013 994 2077 admittitur
1007 2013 1039 2073 in
1054 2016 1117 2076 tes-

181 2107 246 2165 tem
256 2122 313 2184 pro
327 2105 411 2166 soeio
426 2105 592 2183 honorum,
606 2106 647 2168 ad
661 2105 893 2168 testificandum
902 2125 959 2186 pro
969 2106 1034 2184 ille,
1050 2105 1116 2168 sive

182 2196 245 2259 sint
258 2197 334 2259 soeii
350 2197 491 2259 emnium
505 2199 672 2276 honorum,
689 2199 754 2260 aive
771 2199 868 2278 partis
891 2203 1036 2279 tantum,
1059 2201 1114 2260 aut

183 2291 230 2354 rei
243 2290 440 2370 particularis
450 2293 576 2376 utrique
590 2295 696 2354 tamen
711 2292 895 2366 eommunia,
913 2291 987 2370 quia
1012 2294 1047 2351 ut
1069 2291 1113 2352 sio

164 2391 165 2396 ’
183 2381 216 2446 in
228 2385 389 2463 propriam
400 2383 568 2446 utilitatem
579 2385 769 2464 deponeret;
787 2401 876 2445 seeus
889 2387 995 2444 tamen
1008 2385 1055 2444 est
1067 2382 1115 2442 di·

184 2475 329 2553 cendum,
338 2478 365 2538 si
378 2491 442 2539 nnn
453 2481 566 2557 agatur
580 2478 619 2540 de
628 2495 663 2537 re
676 2476 800 2558 utrique
816 2476 974 2539 communi
989 2497 997 2538 ε
1010 2475 1041 2537 in
1055 2475 1116 2538 hoe

183 2569 268 2630 anim
282 2563 475 2634 easu‘sooius
486 2572 519 2631 in
534 2589 598 2634 una
614 2589 648 2632 re
663 2570 848 2651 prehibetur
866 2589 934 2633 esse
949 2571 1036 2634 testis
1057 2587 1114 2650 pra

183 2662 267 2725 aneia
280 2661 312 2724 in
327 2662 451 2726 diversa
465 2683 516 2752 re,
528 2668 583 2727 aut
600 2683 657 2744 pro
679 2683 714 2726 re
734 2662 880 2728 divisibili
897 2710 906 2743 ,
930 2684 1001 2728 eum
1021 2670 1056 2726 ut
1070 2664 1114 2725 sio

182 2754 260 2818 nihil
273 2775 311 2818 ax
325 2757 381 2819 tali
396 2757 590 2838 depositione
603 2758 746 2838 specialis
766 2758 921 2822 commodi
937 2759 1077 2820 haberat.

220 2852 286 2912 XV.
313 2849 371 2925 Qui
377 2849 593 2932 prohibeantur
607 2851 702 2914 dicere
723 2852 918 2913 testimonium
932 2859 1033 2912 centra
1051 2869 1114 2911 cer·

181 2949 229 3007 tar
245 2943 406 3024 perseam?
428 2945 533 3006 Primo
554 2945 739 3024 prohibetur
760 2945 894 3006 inimicos
914 2947 1023 3006 eontra
1040 2959 1111 3001 eum

179 3037 393 3100 testimonium
406 3039 499 3116 ferre,
512 3055 584 3100 enm
600 3055 661 3119 quo
671 3037 754 3118 gerit
763 3036 968 3112 inimicitiam,
977 3035 1019 3097 ita
1030 3036 1111 3096 utne

179 3125 211 3194 ln
226 3131 409 3194 criminibus
425 3131 561 3210 exeeptis
574 3131 605 3190 hi
616 3129 934 3210 pessinteontratales
943 3145 1010 3188 esse
1016 3128 1112 3188 testes

179 3223 266 3304 (onia
292 3225 404 3291 merite
428 3225 468 3287 ob
492 3223 746 3287 malevolentiam
774 3222 887 3283 lalsnrn
912 3219 1111 3300 depositurus

177 3318 402 3398 praesumitur),
414 3318 440 3380 si
455 3317 618 3379 inimieitis
628 3317 668 3379 sit
681 3316 773 3378 valde
786 3314 933 3396 gravisvet
942 3313 1084 3394 capitalis
1101 3361 1108 3392 ,

177 3412 208 3474 et
222 3413 363 3474 nendum
377 3413 417 3474 sit
426 3411 646 3474 reconciliatus
658 3409 815 3487 inimicus,
828 3427 930 3490 neque
947 3409 987 3470 ait
999 3408 1109 3470 fraude

177 3505 528 3594 procuratainimieitia,
546 3507 600 3568 aut
613 3523 678 3568 non
691 3505 828 3594 deponat
842 3503 875 3566 in
889 3503 1031 3568 faverem
1053 3499 1109 3562 ini-
