2586 4020
208 321 266 387 tlte
434 327 664 378 rusmrurronus
684 329 767 378 sunu
789 327 943 375 cercuros.

234 472 443 558 Elquamvis
456 491 514 554 par
527 492 572 552 se,
587 472 637 535 vel
651 490 708 552 per
720 472 817 534 alium
829 489 892 534 non
906 473 1088 552 suspectum
1097 470 1141 533 de

208 587 314 647 causa,
339 571 370 630 et
378 566 500 650 justitia
514 565 731 648 appellationis
745 583 934 645 cognoscere
948 563 1057 647 possit,
1074 583 1140 627 non

207 665 311 744 potest
331 665 438 724 tamen
457 679 585 722 causam
605 659 822 740 appellationis
839 658 1083 722 examinandam
1096 657 1140 718 ad

204 756 345 838 judicem
367 773 387 816 a
407 772 469 835 quo
494 757 541 816 est
555 753 766 832 appellatum,
789 751 950 815 remittere
971 750 1041 832 (nisi
1064 768 1140 831 pars

208 867 279 930 qnae
300 847 479 930 appellavit,
504 846 688 923 consentiat,
706 845 780 926 quia
803 845 1005 926 praesumptio
1027 848 1084 922 est,
1108 847 1141 905 at

207 941 393 1024 periculum,
410 959 449 1002 ne
468 940 583 1004 iterum
605 939 740 1019 gravet),
760 939 855 1000 etiam
869 957 944 1000 casu
962 957 1024 1020 quo
1040 937 1141 1019 jadex

209 1053 305 1116 aquo
324 1035 383 1098 fuit
395 1034 606 1114 appellatum,
627 1033 659 1093 in
673 1034 777 1094 locum
788 1031 904 1113 judicis
916 1032 957 1093 ad
972 1050 1067 1111 quem
1080 1029 1142 1092 fuit
1259 1093 1261 1096 .

209 1128 412 1208 appellatum,
438 1126 532 1188 modo
552 1128 658 1186 autem
679 1124 828 1202 defuncti,
853 1129 907 1188 aut
921 1124 1055 1204 depositi
1070 1143 1142 1186 suc-

208 1221 302 1286 cessit
326 1220 379 1300 (ob
399 1219 553 1282 rationem
575 1218 670 1280 etiam
698 1218 730 1278 in
761 1218 821 1280 hoc
846 1236 921 1280 casu
947 1216 1137 1298 urgentem),

206 1314 262 1380 sed
283 1313 379 1378 debet
396 1312 429 1376 in
451 1312 507 1374 teli
527 1329 603 1374 casu
626 1311 794 1391 appellatio
816 1311 1026 1373 examinanda
1048 1309 1139 1372 elteri

206 1425 351 1489 persona
366 1425 430 1469 non
442 1409 597 1486 suspectae
612 1405 763 1485 delegari,
781 1423 852 1486 quae
865 1406 916 1468 vel
933 1404 1072 1467 remittet
1084 1423 1141 1484 ap-

207 1501 379 1582 pellantem
392 1499 433 1561 ad
443 1499 584 1580 judicem
605 1517 712 1579 aquo,
728 1499 755 1560 si
773 1499 916 1560 advertat
931 1499 1014 1560 male
1035 1497 1140 1578 appel·

207 1595 317 1670 latum,
337 1595 368 1654 et
380 1593 413 1654 iu
437 1610 588 1680 expensas
602 1592 806 1655 temerarium
832 1593 914 1654 hunc
929 1593 1140 1672 appellantem

208 1685 431 1754 condemnabit
446 1685 516 1767 (nisi
527 1684 626 1766 judex
641 1703 659 1745 a
675 1703 737 1767 quo
752 1685 953 1766 appellationi
969 1683 1138 1762 detulerit),

208 1780 259 1843 vel
279 1779 305 1842 si
320 1780 401 1842 bene
416 1779 608 1860 appellatum
621 1779 776 1856 advertat,
796 1778 937 1859 priorem
953 1777 1142 1839 sententiam

209 1893 230 1938 a
237 1873 377 1955 judicea
393 1891 454 1954 que
468 1873 550 1934 male
565 1873 662 1934 latam
682 1872 828 1949 cassabit,
846 1878 900 1933 aut
921 1890 976 1951 pro
991 1875 1081 1952 parte
1093 1887 1141 1930 re·

209 1967 367 2044 formabit,
382 1970 414 2029 et
428 1966 472 2034 sic
484 1967 523 2027 dc
535 1984 631 2028 causa
639 1965 805 2046 principali
818 1963 1032 2045 pronuntiabit
1045 1962 1140 2024 modo

211 2060 250 2122 de
260 2060 378 2122 meritis
393 2077 495 2121 causae
508 2077 566 2140 per
577 2057 779 2138 probationes
789 2061 1002 2138 competentes
1023 2057 1050 2118 ei
1067 2076 1140 2119 con-

210 2157 282 2231 stet,
299 2152 422 2216 etiamsi
434 2153 467 2214 in
483 2152 543 2213 hac
561 2151 700 2214 secunda
709 2151 926 2232 appellationis
940 2149 1089 2212 instantia
1102 2149 1141 2211 lis

211 2265 318 2311 coram
329 2245 436 2328 judice
460 2245 677 2326 appellationis
701 2248 874 2306 contestata
889 2263 952 2306 non
973 2244 1075 2320 fuerit,
1089 2243 1141 2304 vel

211 2360 285 2422 pars
299 2342 455 2404 conventa
473 2339 505 2400 iu
523 2338 584 2400 hac
601 2338 741 2400 secunda
760 2337 908 2400 instantia
926 2337 1020 2399 fucrit
1033 2342 1140 2398 contu-

210 2435 342 2496 maciter
356 2434 480 2496 absens.
498 2435 576 2494 Cum
593 2432 656 2492 litis
669 2431 853 2494 contestatio
866 2431 899 2492 in
909 2430 1011 2511 prima
1024 2429 1141 2493 instan-

210 2527 256 2590 tia
269 2527 363 2603 fecta,
380 2544 439 2588 nec
459 2543 516 2606 per
530 2525 773 2604 appellationem
794 2525 931 2600 tollatur,
955 2523 1011 2584 sed
1033 2526 1141 2584 exten-

212 2619 287 2680 dere
302 2618 438 2679 etiamse
451 2616 549 2696 possit
560 2617 600 2678 ad
613 2635 741 2678 causam
752 2616 979 2697 appellationis.

253 2711 320 2772 XX.
345 2707 405 2771 Cui
416 2708 574 2788 innatabat,
596 2728 646 2770 seu
668 2709 782 2790 imponi
797 2709 899 2772 debent
918 2729 937 2770 c
953 2708 1057 2791 judice
1071 2727 1141 2770 cana

210 2801 358 2884 probandi
379 2802 410 2864 ia
428 2820 516 2864 caasa
535 2802 749 2884 appellationis.
770 2804 825 2876 ,Ad
839 2803 963 2864 initium
977 2820 1141 2882 processus

213 2898 387 2978 appellatus
400 2914 507 2958 coram
515 2896 622 2977 judice
637 2896 784 2976 adquam
798 2895 932 2975 probare
950 2894 1044 2957 debet
1063 2894 1138 2956 tria:

214 2992 388 3074 appellasse
412 3008 445 3052 se
466 2989 595 3067 scilicet,
619 2989 794 3070 etquidem
814 2987 953 3069 legitimo
967 2993 1143 3068 temporca

213 3084 378 3161 sententia,
390 3083 440 3146 vel
453 3082 635 3163 gravamine
650 3082 754 3157 illato;
772 3088 803 3144 et
816 3082 954 3144 secundo
969 3082 1142 3162 appellasse

213 3197 247 3240 se
259 3196 298 3240 ex
319 3195 416 3239 causa
434 3176 622 3254 rationabili,
649 3176 704 3238 tali
725 3175 853 3252 scilicet,
879 3193 950 3256 qua
971 3175 997 3237 si
1010 3174 1143 3257 probata

213 3270 318 3348 fuerit,
338 3269 425 3350 justa
448 3271 625 3333 declaretur
647 3269 831 3350 appellatio;
852 3271 883 3330 et
900 3269 993 3331 tertio
1007 3269 1143 3348 denique

214 3363 308 3426 debet
326 3363 488 3444 appellans
509 3363 683 3443 producere
709 3361 963 3440 appellationem,
994 3368 1026 3423 et
1042 3361 1143 3442 ipsam

214 3456 412 3532 sententiam,
425 3475 455 3517 v.
467 3475 513 3536 3.,
528 3473 619 3535 aqua
631 3453 810 3532 appellavit.
823 3456 1014 3518 Procurator
1022 3457 1140 3532 autem,

215 3548 243 3608 si
269 3565 326 3626 per
350 3547 434 3608 hunc
456 3546 699 3626 appellationem
723 3548 934 3626 prosequatur
958 3547 1139 3630 appellans,
