2578 4012
176 221 235 282 ΞΜ
385 234 614 285 nasammonas
634 236 717 284 rums
739 233 896 282 canorum.

176 379 260 460 (Sao.
273 380 370 460 Gong.
386 396 474 442 oono.
491 381 506 442 1
523 398 596 460 aug.
610 378 782 460 toramen
792 382 961 458 potestsuo
978 375 1113 438 arbitrio

175 472 410 536 constitutiones
432 473 600 552 synodales
625 475 760 535 mutare.
790 472 879 552 (Sao.
912 473 1009 550 Cong.
1043 467 1111 532 nit.

174 569 212 628 25
228 565 306 627 febr.
324 563 426 643 1606.)

214 663 245 719 2⁰
266 659 343 720 Item
357 675 420 718 non
439 660 542 737 potest
556 659 622 719 sine
637 656 765 738 speoiali
779 657 929 719 mandato
945 655 1113 718 dioeoesim

174 751 311 827 visitare,
329 749 403 830 quia
417 750 552 812 visitatio
567 751 692 813 videtur
705 753 827 812 tantum
842 749 996 830 episeopis
1006 767 1113 812 reser-

173 849 256 919 vata,
270 843 322 922 qni
333 861 391 921 per
404 861 437 903 se
449 843 516 922 ipos
529 844 656 906 visitare
664 846 811 905 tenentur
821 841 951 921 singulis
962 841 1062 919 annia,
1074 847 1113 902 et

173 937 249 1016 ipsis
259 935 396 1015 legitime
405 936 572 1014 impeditis,
582 955 638 1016 per
650 935 874 998 suosvioarioa
889 933 1107 1011 (Gono.'irid.,

173 1049 249 1091 sess,
267 1034 296 1105 7,
318 1028 354 1090 do
367 1027 515 1107 Reform„
537 1048 606 1108 esp.
631 1033 662 1108 8,
677 1033 708 1090 et
726 1047 802 1090 sess.
821 1031 871 1104 ri,
895 1026 930 1088 de
953 1026 1105 1107 Reform„

174 1139 243 1200 cap.
260 1120 303 1200 ³.)

212 1217 290 1276 Item
300 1233 363 1275 non
375 1218 476 1293 potest
485 1214 551 1275 sine
562 1213 689 1294 speciali
699 1213 850 1275 mandato
861 1212 986 1292 exigere
999 1211 1108 1274 oethe-

171 1309 327 1370 dratioum
350 1327 406 1369 sou
429 1307 648 1386 synodaticum
677 1307 761 1387 quod
786 1305 941 1385 episcopis
969 1305 1107 1366 debetur

172 1400 292 1462 ratione
308 1400 519 1480 subjectionis,
537 1399 651 1479 Nequit
668 1399 762 1462 etiam
781 1399 847 1459 sine
873 1398 1000 1478 speciali
1013 1416 1107 1460 man-

172 1494 244 1554 dato
260 1493 421 1570 imponere
436 1498 467 1552 et
478 1491 602 1570 exigere
621 1491 842 1553 charitativum
854 1491 1038 1554 subsidium.

211 1587 245 1644 3ο
266 1586 344 1645 Item
365 1583 432 1644 sine
450 1583 579 1662 speciali
592 1584 812 1646 commissione
827 1585 935 1664 nequit
949 1582 1106 1644 beneficia

172 1675 322 1738 conferre.
333 1678 440 1755 Neque
448 1680 560 1754 potest,
572 1675 638 1736 sine
649 1676 776 1754 speoiali
787 1677 946 1755 mandato,
957 1676 1102 1756 designa-

170 1768 271 1830 tiones
283 1771 314 1830 et
328 1769 575 1846 permutationes
585 1769 810 1831 beneficiorum
824 1770 989 1832 admittere
1005 1773 1102 1850 etap-

170 1862 315 1940 probare.
329 1863 405 1939 Imo‚
423 1861 543 1923 etiamsi
553 1861 688 1922 vicarius
702 1862 818 1925 habeat
828 1863 962 1942 speciale
972 1863 1101 1923 manda-

171 1959 238 2017 tum
250 1955 291 2017 ad
303 1954 498 2033 recipiendas
508 1955 733 2034 resignationes
746 1955 983 2032 benefioiorum,
996 1955 1099 2016 adhue

171 2066 233 2108 non
252 2051 355 2125 potest
383 2047 523 2108 conterre
546 2047 699 2108 beneficia
722 2065 828 2108 coram
851 2047 918 2126 ipso
942 2049 1101 2126 resignata

170 2137 236 2200 sine
252 2139 378 2219 speciali
389 2139 538 2201 mandato
554 2139 594 2200 ad
610 2139 845 2202 eonferendum.
865 2140 980 2220 (Rota.)
993 2142 1099 2220 Neque

170 2235 288 2312 potest,
306 2233 372 2294 sine
397 2232 525 2311 speciali
539 2232 700 2310 mandato,
716 2231 869 2294 beneficia
880 2233 981 2309 unire,
998 2249 1100 2312 neque

169 2325 301 2387 uniones
315 2343 464 2387 revocare
479 2328 534 2386 aut
548 2325 696 2386 ecelesias
711 2323 861 2386 dividere.
880 2327 987 2405 Neque
998 2327 1101 2404 potest

170 2417 289 2497 absque
312 2417 439 2495 speciali
462 2418 612 2478 mandato
628 2417 782 2479 beneficia
794 2417 926 2496 erigere,
941 2423 995 2478 aut
1005 2416 1099 2497 juris-

168 2511 351 2590 patronatus
365 2509 540 2570 fundationi
554 2528 740 2576 eonsensum
753 2514 913 2590 praetere,
931 2515 985 2572 aut
1002 2511 1099 2572 bene-

168 2599 239 2661 fioia
251 2600 447 2678 supprimere
457 2621 465 2674 ;

209 2694 317 2773 Neque
332 2711 430 2754 novas
448 2693 615 2772 parochias
635 2695 757 2774 erigere
780 2715 838 2757 nee
862 2696 923 2757 alia
945 2693 1099 2756 benefioia

168 2805 286 2864 ereare,
316 2785 348 2846 in
376 2786 533 2848 creatione
561 2806 650 2849 novae
681 2787 843 2868 dignitatis
876 2789 1097 2850 auctoritatem

170 2883 330 2960 praestare.
354 2879 455 2960 (itote,
484 2879 516 2940 in
538 2880 705 2960 segobien.
729 2881 989 2962 Capellaniae,·28
1013 2879 1099 2960 apri-

167 2974 206 3036 lis
220 2973 322 3054 1625.)

207 3072 239 3130 4⁰
260 3071 368 3150 Neque
391 3069 494 3148 potest
517 3067 583 3129 sine
609 3069 736 3148 speciali
762 3069 912 3131 mandato
935 3068 1095 3149 imponere

168 3161 350 3240 pensionem
364 3179 458 3240 super
467 3161 640 3238 benefieiis,
648 3161 704 3224 ubi
719 3162 883 3240 episeopus
898 3164 939 3225 ob
958 3163 1095 3243 aliquem

164 3252 282 3332 justam
297 3272 441 3332 eausam,
457 3274 488 3316 u.
509 3272 557 3332 gr.
574 3273 632 3332 pro
649 3253 732 3314 bono
745 3253 832 3333 pacis
847 3258 879 3316 et
897 3255 1093 3332 eoncordia,

168 3347 282 3424 posset.

208 3439 240 3496 5⁰
261 3437 369 3514 Neque
379 3441 483 3513 potest
495 3439 614 3515 absque
628 3438 756 3515 speciali
769 3441 918 3504 mandato
931 3440 1095 3522 ooedjuto·
