2586 4020
530 307 569 352 os
592 305 729 354 suerrus.
1038 293 1095 356 too

401 450 412 504 ς
425 453 453 496 11,
467 461 659 496 utrumme
671 462 734 496 nrm
747 462 861 498 ommno.

204 559 369 622 XXXVIII.
383 558 485 621 ludex
503 562 655 638 potestur
667 559 770 622 offioio
784 559 865 638 perti
877 559 1023 639 litiganti,
1045 577 1097 621 se-

163 652 235 730 tori,
250 651 299 712 vel
312 670 367 713 reo
386 651 602 732 juramentum
612 652 674 714 litis
684 651 857 714 deeisivum
869 651 1098 730 delerre‚neoe

164 748 253 826 perte
268 749 302 806 ut
312 746 356 807 sie
369 745 509 807 deletum
520 747 660 807 recusari
672 749 785 825 potest,
800 745 858 806 nisi
870 763 998 807 oensem
1009 763 1097 808 reeu-

164 837 253 900 sendi
269 839 394 916 habeat,
411 857 544 919 eamque
554 839 669 918 alleget
684 843 716 901 et
728 840 859 920 probet3
873 843 928 901 eut
941 839 999 900 nisi
1011 838 1096 920 jurn-

165 935 306 993 mentum
320 931 382 992 tale
395 950 414 992 a
425 931 532 1012 judioe
543 930 602 993 sibi
618 932 757 996 deletum
771 933 862 996 alteri
871 933 952 1012 perti
963 931 1097 1012 litiganti

166 1023 283 1085 referre
305 1025 390 1087 velit.
407 1024 485 1098 Ouio
503 1024 700 1104 potissimum
714 1025 815 1088 litium
831 1025 1097 1105 expediendorum

166 1117 341 1178 remedium
352 1121 409 1195 est,
422 1117 449 1178 si
461 1117 530 1178 eliae
538 1118 739 1196 probationes
749 1118 861 1196 desint,
868 1118 1093 1201 juramentum.

68 1224 72 1230 ·
170 1211 361 1272 Sunteutem
372 1227 475 1272 oausae
486 1211 653 1272 recusandi
664 1212 726 1273 tele
735 1212 875 1274 delatum
882 1212 1097 1294 juramentum

167 1304 284 1382 plures,
301 1303 326 1364 si
342 1303 367 1364 is
382 1302 448 1364 soil.
467 1303 516 1364 eui
535 1304 676 1365 defertur
686 1303 920 1384 jurameutum,
940 1305 985 1366 rei
1000 1307 1096 1384 gestes

166 1396 296 1476 ignarus
316 1396 369 1470 sit;
395 1397 446 1458 vel
471 1397 668 1477 probabilem
690 1396 880 1459 oblivionem
900 1398 1029 1477 alleget3
1046 1395 1096 1460 vel

167 1488 247 1550 notio
262 1488 302 1550 sit
320 1489 401 1566 tolie,
424 1507 487 1568 que
505 1508 567 1551 non
588 1493 691 1568 potest
710 1491 779 1570 quis
803 1491 978 1564 conveniri3
1002 1490 1052 1552 vel
1071 1489 1096 1551 si

166 1585 253 1644 notor
267 1582 358 1661 plene
373 1582 518 1661 probavit
533 1601 623 1644 suern
637 1583 857 1661 intentionem,
874 1584 924 1645 vel
939 1583 977 1661 si,
991 1588 1096 1646 actore

166 1674 243 1735 nihil
258 1676 422 1755 probante,
437 1694 509 1738 reus
525 1677 565 1738 sit
579 1677 801 1755 absolvendus,
814 1682 873 1740 ete.

205 1769 237 1831 Si
251 1772 357 1830 tamen
372 1787 444 1848 pars
459 1771 542 1849 perti
554 1769 769 1851 juramentum
784 1770 847 1832 litis
861 1770 1025 1851 injudicio
1043 1771 1095 1831 de·
1111 1832 1113 1835 ,

168 1862 257 1938 serat,
273 1861 456 1940 simpliciter
469 1882 488 1924 e
499 1869 588 1941 parte
602 1863 653 1924 oui
668 1863 808 1924 defertur
819 1863 958 1925 reeuseri
975 1867 1093 1943 potest,

163 1955 214 2016 vel
228 1954 337 2016 referri
361 1957 473 2033 potest,
492 1974 593 2036 neque
615 1956 699 2016 enim
720 1975 784 2018 una
806 1957 1045 2036 permultorum,
1063 1956 1094 2016 in

164 2065 258 2128 quem
277 2050 464 2127 potestatem
480 2049 587 2125 hebet,
614 2049 801 2128 compellere
816 2053 920 2129 potest
934 2050 974 2111 sd
986 2049 1097 2131 juren-

162 2141 248 2217 dum,
271 2143 303 2202 et
320 2144 550 2222 consequenter
561 2142 746 2226 simpliciter
759 2143 820 2204 hoo
834 2143 879 2204 sio
893 2142 1033 2205 deletum
1046 2161 1096 2204 re-

162 2235 265 2295 ouseri
278 2236 391 2312 potest,
406 2234 515 2296 referri
530 2238 635 2296 tomen
647 2235 742 2297 etiem
757 2238 869 2314 potest,
883 2236 958 2315 quin
968 2253 1097 2315 aequum

164 2330 210 2388 est
231 2330 265 2388 ut
279 2326 330 2387 hie
344 2327 483 2405 potiatur
496 2329 618 2407 legem,
636 2346 731 2409 quem
743 2327 810 2407 ipse
830 2328 910 2390 tulit.
926 2329 973 2390 lte
985 2332 1020 2389 ut
1036 2327 1096 2388 nisi

163 2419 296 2480 relatum
310 2419 414 2481 taliter
436 2424 573 2500 praestet,
592 2439 628 2482 ex
639 2419 720 2500 juris
735 2419 937 2498 dispositione
951 2420 983 2480 in
1001 2438 1096 2480 eausa

163 2510 328 2591 prinoipeli
341 2530 403 2572 non
415 2512 548 2592 emplius
557 2511 714 2589 audietur,
725 2511 906 2590 sioutireus,
919 2511 945 2572 si
956 2510 1095 2574 delatum

165 2624 183 2666 e
199 2604 306 2685 judice
318 2603 534 2686 juramentum
548 2623 606 2666 nee
618 2609 768 2686 prestere
781 2606 867 2683 uelit,
883 2623 941 2667 nee
955 2606 1092 2686 referre,

163 2715 219 2776 pro
236 2697 378 2759 confesso
394 2697 538 2761 hahetur.
561 2698 768 2778 Exotpiuntur
786 2703 892 2762 tamen
908 2718 1015 2777 nosue,
1032 2719 1094 2779 quo

163 2807 220 2869 per
232 2790 308 2850 elios
321 2790 522 2869 probationes
530 2811 620 2854 suam
634 2810 762 2853 oensem
774 2793 908 2872 prebere
923 2792 999 2853 velit
1009 2810 1092 2869 reue,

163 2883 214 2942 vel
228 2900 290 2962 quo
306 2886 394 2944 eotor
408 2902 503 2962 super
515 2884 597 2946 fecto
618 2885 735 2960 alieno,
755 2885 838 2966 quod
854 2883 945 2965 plene
960 2884 1095 2963 probare

163 2993 225 3036 uon
240 2981 354 3054 potest,
368 2975 583 3056 juramentum
598 2994 651 3037 reo
667 2977 778 3055 defert,
795 2977 845 3038 vel
859 2978 1002 3038 versetur
1012 2975 1094 3056 judi·

164 3068 248 3130 cium
263 3068 347 3130 eirea
362 3087 489 3130 eausam
504 3069 656 3130 famosam
677 3069 763 3145 furti,
780 3089 810 3130 v.
827 3087 874 3148 gr.
894 3071 929 3130 In
945 3087 1006 3149 quo
1020 3087 1095 3129 essu

163 3179 236 3222 reus
257 3161 444 3241 plerumque
459 3161 622 3224 meliorem
642 3162 690 3222 rei
704 3161 847 3224 notitiam
870 3161 983 3240 hebet,
1000 3180 1095 3242 quem

164 3257 269 3331 aeter,
287 3261 318 3314 et
333 3259 561 3334 consequenter
582 3255 719 3317 delatum
742 3255 800 3316 sibi
814 3255 1029 3335 jurameutum
1046 3275 1096 3316 re-

163 3346 246 3407 ferre
259 3364 321 3407 non
337 3353 450 3426 potest.

192 3437 238 3499 'ln
253 3440 340 3500 omni
355 3459 459 3517 neusa,
478 3441 510 3500 in
524 3459 586 3521 que
597 3439 717 3503 linitum
730 3443 777 3504 est
790 3441 975 3522 transigere,
991 3445 1094 3527 potest

166 3530 260 3594 etiem
275 3535 403 3612 oporte
417 3533 499 3612 parti
514 3533 627 3596 deferri
638 3532 852 3615 juramentum
868 3535 1090 3614 voluntarium,
