2586 4020
416 276 455 319 un
476 273 616 322 suranae
637 273 788 320 secessus
810 275 915 321 sraru.
1080 262 1148 324 189,

198 417 309 500 judieii
332 417 387 480 Dei
403 421 434 480 et
447 417 615 481 sanctionis
640 422 765 481 aeternae
783 437 838 480 eos
850 418 1010 480 contiueat
1023 419 1055 479 iu
1070 419 1136 481 offi-
1215 495 1222 502 ἱ

203 512 262 589 cio,
280 531 358 592 quos
375 530 471 572 merae
487 511 592 573 civiles
605 511 781 573 sanationes
794 530 856 572 non
868 512 1073 574 continerent.
1089 513 1134 574 Ex

201 604 262 666 alia
281 605 369 683 parte
392 605 625 684 quodammodo
641 605 780 666 Ecclesia
792 623 850 684 ope
864 604 962 666 civilis
976 605 1133 670 societatis

200 697 366 776 indigeret,
384 700 419 757 ut
440 715 498 774 per
523 677 816 757 civiles'sanetiones
828 703 859 757 et
872 697 999 758 timores
1014 700 1132 774 tempo-

201 789 314 850 ralium
328 807 495 868 poenarum
510 789 745 850 continerentur
755 789 787 848 in
802 789 952 868 obsequio
969 788 1021 869 qui
1042 788 1132 867 spiri-

201 882 301 944 tuales
317 885 348 942 et
361 885 494 942 aeternas
510 899 620 960 peenas
636 884 882 942 contemnerent.

240 976 287 1035 Ita
306 974 423 1054 junctis
444 973 553 1034 officiis
565 979 720 1054 ,tanquam
741 973 833 1035 unius
855 973 1058 1055 ejusdemque
1075 973 1132 1034 Dei

201 1066 316 1146 duplex
334 1066 474 1128 minister
496 1070 629 1146 utraque
645 1067 813 1128 auotoritas
828 1085 885 1145 pro
900 1069 989 1144 parte
1003 1083 1061 1126 sua
1073 1065 1132 1126 bo-

200 1175 276 1218 num
295 1158 458 1220 bominisa
475 1160 538 1220 Deo
554 1158 685 1220 volitum
704 1160 869 1220 obtineret.
883 1158 1050 1238 Gregorius
1065 1159 1105 1220 IX
1121 1177 1128 1219 :

163 1245 164 1248 '
200 1251 234 1312 Iu
252 1250 379 1313 exordio
393 1251 548 1312 nascentis
561 1251 671 1312 mundi
685 1251 828 1330 provida,
844 1258 875 1312 et
893 1251 1058 1312 ineffabilis
1073 1251 1130 1310 Dei

200 1343 397 1422 providentia
399 1388 461 1405 .....
486 1344 518 1403 in
533 1343 730 1404 firmamento
746 1345 815 1404 coeli
832 1337 893 1404 due
917 1343 1026 1404 statuit
1036 1342 1129 1404 lumi-

201 1435 299 1513 naria,
317 1436 419 1516 majus
435 1440 465 1497 et
478 1436 599 1497 minus:
614 1435 716 1517 majus
731 1440 765 1497 ut
774 1441 922 1514 praeesset
936 1435 1009 1512 diei,
1026 1435 1128 1496 minus

200 1531 235 1604 ut
247 1533 396 1607 praeesset
409 1529 504 1590 noeti.
520 1531 595 1601 Quae
610 1529 671 1590 duo
683 1529 727 1589 sie
737 1529 777 1589 ad
788 1528 915 1608 propria
924 1527 1026 1589 officia
1036 1527 1067 1588 in
1080 1547 1128 1589 re·

198 1621 292 1700 gione
306 1622 426 1682 zodiaci
442 1623 625 1698 offeruntur,
654 1625 688 1683 ut
703 1620 759 1682 etsi
774 1621 932 1682 multoties
947 1641 984 1682 ex
1000 1621 1125 1700 obliquo

196 1713 375 1792 respiciant,
392 1732 490 1774 unum
501 1719 618 1776 tamen
629 1717 762 1776 atterum
781 1733 844 1775 non
858 1714 1011 1788 offendat3
1028 1715 1124 1776 immo

198 1807 281 1884 quod
303 1809 350 1868 est
368 1808 510 1884 superius
522 1807 660 1868 inferiori
676 1823 764 1882 suam
780 1806 989 1868 communicat
1003 1807 1124 1868 clarita-

197 1900 270 1959 tem.
295 1901 321 1960 Α
342 1899 436 1959 simili
456 1900 567 1960 eadem
580 1905 697 1959 aeterna
718 1898 854 1978 provisio
873 1899 906 1958 in
926 1900 1123 1960 firmamento

195 1993 287 2052 terrae
303 1990 364 2053 duo
379 1992 478 2054 voluit
491 2009 557 2052 esse
573 1990 726 2070 regimina
743 2011 749 2050 :
766 1991 975 2052 secerdotium
986 1993 1016 2052 et
1028 1991 1125 2070 impe-

195 2081 341 2161 rium....‚
356 2091 390 2144 ut
404 2084 498 2145 homo
515 2083 647 2164 quierat
664 2083 696 2142 in
715 2083 838 2144 duobus
853 2083 1122 2162 componentibus,

195 2173 311 2236 diutius
337 2176 504 2238 dissolutus
530 2177 651 2236 duobus
678 2175 857 2236 retinaculis
880 2177 1068 2246 frenaretur,
1095 2177 1126 2235 et

194 2266 237 2327 sic
251 2269 340 2329 fieret
353 2288 415 2348 pax
428 2268 494 2330 orbi
509 2273 602 2330 tarrae
617 2266 761 2328 omnibus
776 2267 952 2328 excessibus
972 2267 1122 2328 limitetis

233 2361 294 2420 Sed
313 2362 415 2439 potius
441 2361 480 2421 de
496 2360 711 2441 natura'hujus
724 2359 925 2438 protectionis
941 2379 979 2420 ue
1000 2360 1033 2419 in
1057 2377 1124 2420 ma-

192 2452 258 2512 lum
275 2455 421 2516 Ecclesiae
446 2457 647 2515 eonvertatur
661 2451 806 2533 quaedam
824 2453 1030 2532 proponenda
1051 2456 1124 2511 sunt

194 2543 382 2608 theoremata.

233 2641 264 2699 1⁰
284 2638 434 2700 Proteetio
449 2641 559 2701 nullom
574 2641 714 2720 importet
727 2638 962 2720 jurisdictionem
972 2639 1120 2700 circamu-

194 2731 308 2808 teriam,
320 2751 368 2792 see
378 2731 489 2813 objecto
503 2732 844 2812 auetoritotcsprotaetoe.

232 2812 385 2886 Ratio'est
394 2824 468 2903 quia
482 2828 554 2886 sunt
565 2824 665 2906 ambae
678 2828 847 2902 potestates
872 2823 1118 2903 independentes

192 2915 346 2978 inordina
361 2935 428 2994 suo,
442 2922 474 2978 at
498 2920 658 2997 nequeunt
672 2934 768 2976 unam
783 2915 872 2976 alteri
884 2916 917 2975 in
931 2933 987 2976 suo
1008 2915 1117 2976 ordina

191 3009 399 3071 subordinari.

214 3107 262 3169 2⁰
284 3104 442 3178 Protectr'o,
463 3103 559 3179 turtio,
577 3100 716 3176 custodio,
737 3099 865 3181 defensio
880 3102 1120 3182 supponentem

185 3201 361 3276 protectum,
374 3195 560 3270 custoditam,
580 3194 728 3274 defensam
737 3194 804 3274 jem
815 3193 995 3270 existentem,
1009 3194 1120 3274 sormo-

192 3296 252 3350 tom
264 3297 292 3350 et
308 3290 338 3349 io
356 3309 407 3349 auo
417 3308 474 3350 esse
480 3290 656 3369 perlectum,
670 3287 798 3348 etaolum
821 3287 981 3368 important
993 3288 1122 3369 ejusdem

191 3383 431 3444 cmuemotiooem
440 3390 542 3444 contro
554 3382 618 3443 illos
632 3379 685 3462 qui
693 3399 755 3440 eom
764 3379 870 3442 vellent
879 3380 996 3444 violare.

984 3582 1029 3638 w
