2578 4012
201 321 259 387 25ss
410 335 643 387 rusrrrorrones
663 336 746 387 tuere
766 340 924 388 enuorucr.

201 487 307 547 autem
330 485 517 546 caeterorum
538 488 807 550 sacramentorum
825 484 962 565 pertinet
985 485 1026 548 ad
1044 505 1137 551 cura·

199 581 278 641 tum.
297 576 341 656 (S.
360 578 394 639 G.
411 578 444 640 G.
459 579 501 639 20
511 577 592 658 junii
604 578 708 658 loco.)

240 670 452 732 3⁰1³arcchus
482 673 585 752 potest
623 671 755 752 simplici
790 671 945 735 sacerdoti
974 673 1136 737 licentiam

199 763 371 826 concedere
387 762 627 826 administrandi
642 768 840 828 sacramenia
853 765 886 828 in
897 784 955 828 sua
966 768 1132 846 parochia,

200 863 331 936 excepta
343 857 540 937 poenitentia.
556 858 607 938 (S.
631 861 729 938 Gong.
749 857 845 938 episc.
868 862 900 920 et
916 877 982 940 reg.
999 862 1041 923 20
1053 880 1130 943 aug.

238 1045 270 1105 l·
290 1045 359 1108 Non
379 1043 473 1108 debet
497 1043 686 1122 ordinariae,
711 1043 779 1106 sine
796 1061 894 1106 causa
918 1046 1011 1108 valde
1025 1047 1129 1128 gravi,

198 1137 321 1200 aulerre
344 1157 364 1200 a
381 1138 516 1220 propriis
537 1138 653 1200 curatis
675 1137 919 1200 celebrationem
933 1139 1079 1219 baptismi
1097 1147 1133 1203 et

197 1231 480 1310 matrimoniorum,
497 1249 597 1311 eaque
620 1231 688 1310 ipse
701 1229 879 1294 ministrare
892 1232 943 1294 vel
962 1231 1030 1294 aliis
1044 1233 1134 1296 dele·

198 1341 286 1404 gare.
305 1325 349 1406 (S.
364 1326 462 1405 (long.
479 1324 574 1404 episc.
589 1329 620 1386 et
632 1341 700 1403 reg.
717 1327 753 1386 17
766 1327 845 1404 sept.
863 1325 965 1406 laur.)

237 1421 269 1479 5·
289 1419 396 1480 Potest
404 1418 562 1498 parochus
572 1434 701 1480 suorum
713 1417 912 1480 subditorum
922 1419 1135 1483 confessiones

198 1511 308 1573 audire
323 1511 356 1572 in
370 1512 472 1573 aliena
487 1511 615 1574 dioecesi
628 1510 747 1592 absque
761 1509 889 1572 licentia
899 1510 1035 1592 episcopi
1050 1513 1135 1576 illius

197 1602 355 1678 dioeoesis;
370 1604 426 1665 sed
435 1603 578 1666 siluisset
590 1607 748 1666 vocatusa
761 1603 908 1683 parochis
918 1604 1047 1666 alterius
1054 1605 1134 1668 dioe-

196 1697 286 1775 cesis,
303 1714 366 1758 non
376 1700 481 1778 posset
495 1697 528 1759 in
539 1697 593 1760 illa
604 1696 715 1758 audire
730 1691 942 1760 confessiones
957 1697 1136 1761 alienorum

197 1789 316 1871 absque
339 1789 566 1871 approbatione
588 1789 727 1870 episcopi
748 1789 820 1852 loci.
846 1791 890 1871 (S.
914 1793 1013 1870 Cong.
1041 1809 1132 1856 conc.

199 1885 218 1948 3
233 1884 301 1948 dee.
317 1884 420 1965 1707.)
430 1917 471 1932 -
486 1884 549 1947 Sed
564 1881 701 1946 dubitari
716 1885 823 1962 posset
843 1901 883 1944 an
905 1884 1062 1964 parochus
1076 1903 1136 1947 vo-

199 1981 287 2041 catus
299 1965 339 2040 ab
353 1977 414 2040 alio
426 1977 565 2058 parocho
586 1975 729 2058 ejusdem
747 1976 891 2054 dioecesis
906 1977 1005 2057 possit
1017 1977 1054 2039 in
1065 1976 1136 2058 ejus

198 2073 350 2153 parochia
390 2071 602 2134 confessiones
631 2070 770 2132 audire?
796 2071 931 2144 Quidam
963 2071 1136 2134 canonistae

198 2165 367 2244 affimant,
390 2165 444 2227 alii
466 2183 541 2228 vero
573 2169 690 2244 negant
715 2181 752 2224 ex
776 2163 836 2225 hac
860 2163 1071 2229 declaratione
1097 2167 1131 2228 S.

198 2261 312 2340 Gongr.
326 2277 414 2322 conc.
429 2278 436 2321 :
454 2281 468 2317 a
478 2257 625 2320 Provisus
640 2257 679 2319 de
691 2257 864 2337 parochiali
873 2277 929 2338 per
944 2276 1134 2322 concursum

197 2375 212 2412 a
238 2358 384 2430 censetur
409 2351 602 2433 approbatus
636 2351 692 2418 ad,
710 2348 885 2412 audiendas
920 2352 1133 2414 confessiones

197 2469 212 2507 a
239 2446 402 2508 dumtaxat
414 2446 446 2507 in
461 2463 499 2506 ea
511 2445 638 2507 civitate
651 2442 702 2506 rel
725 2443 841 2524 oppido
852 2443 906 2506 ubi
915 2444 975 2506 sita
989 2445 1029 2506 'sit
1038 2447 1132 2526 parc-

197 2563 212 2600 o
239 2539 358 2615 chialis,
376 2557 438 2599 non
453 2541 560 2599 autem
580 2535 698 2617 passim
721 2553 778 2617 per
798 2543 899 2600 totam
923 2537 1125 2601 dioecesim.»

163 2697 166 2702 ,
198 2633 232 2698 Si
245 2636 350 2695 tamen
366 2634 524 2693 constaret
538 2630 577 2692 de
592 2630 717 2694 diversa
732 2631 891 2694 voluntate
910 2631 1058 2712 episcopi,
1070 2633 1131 2694 ali-

169 2785 172 2792 .
197 2731 245 2792 ter
263 2724 455 2789 censendum
469 2723 560 2787 foret.
571 2723 647 2785 Inde
669 2724 765 2790 etiem
781 2725 924 2806 sequitur
941 2726 1126 2806 parochum,

198 2821 327 2884 dimisso
343 2817 498 2882 beneficio
512 2818 697 2899 parochiali,
714 2835 776 2880 non
797 2835 889 2899 posse
913 2817 1031 2901 absque
1045 2837 1132 2884 nova

199 2913 424 2996 approbatione
435 2909 645 2975 confessiones
660 2911 780 2974 audire.

238 3009 270 3072 6⁰
291 3007 433 3070 Perocho
455 3004 645 3068 ministranti
666 3003 835 3084 viaticum,
858 3005 954 3068 etiam
977 3010 1128 3086 pretextu
1149 3051 1151 3056 -

197 3099 430 3179 invaletudinis,
450 3117 552 3179 neque
567 3098 607 3159 de
628 3102 720 3161 nocte
738 3117 841 3178 neque
855 3099 895 3159 de
917 3099 968 3161 die
991 3099 1127 3180 permitti

200 3195 295 3258 debet
305 3195 448 3276 pileolus.
467 3193 511 3273 (S.
529 3195 628 3273 (long.
647 3193 708 3254 Rit.
724 3194 761 3254 lo
776 3209 848 3270 aug.
860 3193 963 3274 loco.)

239 3292 270 3349 7⁰
291 3285 440 3350 Parochis
460 3287 535 3348 licet
562 3285 727 3348 extrahere
755 3286 787 3347 S.
814 3291 1046 3349 sacramentum
1071 3305 1129 3370 pro

199 3378 313 3440 viatico
323 3381 493 3442 deferendo
504 3379 545 3442 ad
559 3379 700 3440 infirmos
713 3397 752 3439 ex
761 3377 906 3442 omnibus
916 3381 1056 3444 ecclesiis
1064 3384 1131 3445 tam

200 3469 392 3533 secularibus
414 3489 509 3551 quam
531 3469 739 3549 regularibus,
757 3469 852 3535 etiarn
877 3475 1038 3555 exemptis,
1062 3476 1129 3538 sitis

201 3561 283 3628 infra
302 3562 415 3623 limites
430 3561 597 3648 parochiae,
622 3561 793 3630 dummodo
816 3571 928 3650 urgeat
946 3569 1127 3638 necessitas.
