<?xml version="1.0" encoding="UTF-8"?>
<!DOCTYPE html PUBLIC "-//W3C//DTD XHTML 1.0 Transitional//EN"
    "http://www.w3.org/TR/xhtml1/DTD/xhtml1-transitional.dtd">
<html xmlns="http://www.w3.org/1999/xhtml" xml:lang="en" lang="en">
 <head>
  <title>
</title>
<meta http-equiv="Content-Type" content="text/html;charset=utf-8" />
  <meta name='ocr-system' content='tesseract 3.04.00' />
  <meta name='ocr-capabilities' content='ocr_page ocr_carea ocr_par ocr_line ocrx_word'/>
</head>
<body>
  <div class='ocr_page' id='page_1' title='image "./institutionesju01marigoog_0213.png"; bbox 0 0 2578 4012; ppageno 0'>
   <div class='ocr_carea' id='block_1_1' title="bbox 184 4 1273 377">
    <p class='ocr_par' dir='ltr' id='par_1_1' title="bbox 184 4 1273 377">
     <span class='ocr_line' id='line_1_1' title="bbox 184 4 1273 377; baseline -0.006 -43"><span class='ocrx_word' id='word_1_1' title='bbox 184 269 244 334; x_wconf 70' lang='lat'><strong>206</strong></span> <span class='ocrx_word' id='word_1_2' title='bbox 392 281 622 332; x_wconf 84' lang='lat' dir='ltr'><strong>msmrurrorms</strong></span> <span class='ocrx_word' id='word_1_3' title='bbox 643 284 725 334; x_wconf 84' lang='lat' dir='ltr'><strong>rums</strong></span> <span class='ocrx_word' id='word_1_4' title='bbox 747 283 901 334; x_wconf 74' lang='lat' dir='ltr'><strong>cenomcr.</strong></span> <span class='ocrx_word' id='word_1_5' title='bbox 1263 4 1273 377; x_wconf 69' lang='grc' dir='ltr'>ι</span> 
     </span>
    </p>
   </div>
   <div class='ocr_carea' id='block_1_2' title="bbox 41 394 1280 3462">
    <p class='ocr_par' dir='ltr' id='par_1_2' title="bbox 185 394 1280 602">
     <span class='ocr_line' id='line_1_2' title="bbox 185 394 1280 592; baseline 0 -102"><span class='ocrx_word' id='word_1_6' title='bbox 185 429 289 510; x_wconf 86' lang='lat' dir='ltr'><strong>gative</strong></span> <span class='ocrx_word' id='word_1_7' title='bbox 314 429 418 511; x_wconf 90' lang='lat' dir='ltr'><strong>quoad</strong></span> <span class='ocrx_word' id='word_1_8' title='bbox 433 428 566 508; x_wconf 84' lang='lat' dir='ltr'><strong>primam</strong></span> <span class='ocrx_word' id='word_1_9' title='bbox 587 432 720 509; x_wconf 84' lang='lat' dir='ltr'><strong>partem,</strong></span> <span class='ocrx_word' id='word_1_10' title='bbox 738 429 924 492; x_wconf 81' lang='lat' dir='ltr'><strong>affirmative</strong></span> <span class='ocrx_word' id='word_1_11' title='bbox 944 428 1047 508; x_wconf 87' lang='lat' dir='ltr'><strong>quoad</strong></span> <span class='ocrx_word' id='word_1_12' title='bbox 1065 447 1114 490; x_wconf 91' lang='lat' dir='ltr'><strong>se·</strong></span> <span class='ocrx_word' id='word_1_13' title='bbox 1270 394 1280 592; x_wconf 51' lang='grc' dir='ltr'>ι</span> 
     </span>
     <span class='ocr_line' id='line_1_3' title="bbox 186 522 592 602; baseline 0 -20"><span class='ocrx_word' id='word_1_14' title='bbox 186 523 333 585; x_wconf 88' lang='lat' dir='ltr'><strong>cundem.</strong></span> <span class='ocrx_word' id='word_1_15' title='bbox 351 523 399 598; x_wconf 67' lang='lat' dir='ltr'><strong>ltd</strong></span> <span class='ocrx_word' id='word_1_16' title='bbox 406 522 475 602; x_wconf 86' lang='lat' dir='ltr'><strong>jon.</strong></span> <span class='ocrx_word' id='word_1_17' title='bbox 493 525 592 597; x_wconf 70' lang='lat'><strong>1692.)</strong></span> 
     </span>
    </p>

    <p class='ocr_par' dir='ltr' id='par_1_3' title="bbox 179 611 1115 1340">
     <span class='ocr_line' id='line_1_4' title="bbox 224 611 1115 692; baseline -0.002 -16"><span class='ocrx_word' id='word_1_18' title='bbox 224 619 255 676; x_wconf 81' lang='lat'><strong>7⁰</strong></span> <span class='ocrx_word' id='word_1_19' title='bbox 282 616 331 677; x_wconf 83' lang='lat' dir='ltr'><strong>Ad</strong></span> <span class='ocrx_word' id='word_1_20' title='bbox 357 615 487 675; x_wconf 90' lang='lat' dir='ltr'><strong>dubium</strong></span> <span class='ocrx_word' id='word_1_21' title='bbox 514 631 554 674; x_wconf 88' lang='lat' dir='ltr'><strong>an</strong></span> <span class='ocrx_word' id='word_1_22' title='bbox 578 615 730 692; x_wconf 89' lang='lat' dir='ltr'><strong>capellani</strong></span> <span class='ocrx_word' id='word_1_23' title='bbox 757 619 788 677; x_wconf 90' lang='lat' dir='ltr'><strong>ct</strong></span> <span class='ocrx_word' id='word_1_24' title='bbox 808 612 989 676; x_wconf 82' lang='lat' dir='ltr'><strong>confessarii</strong></span> <span class='ocrx_word' id='word_1_25' title='bbox 1010 611 1071 674; x_wconf 90' lang='lat' dir='ltr'><strong>sint</strong></span> <span class='ocrx_word' id='word_1_26' title='bbox 1094 632 1115 674; x_wconf 92' lang='lat' dir='ltr'><strong>a</strong></span> 
     </span>
     <span class='ocr_line' id='line_1_5' title="bbox 185 706 1115 788; baseline -0.001 -20"><span class='ocrx_word' id='word_1_27' title='bbox 185 708 345 788; x_wconf 83' lang='lat' dir='ltr'><strong>superiore</strong></span> <span class='ocrx_word' id='word_1_28' title='bbox 361 706 542 768; x_wconf 88' lang='lat' dir='ltr'><strong>monasterii</strong></span> <span class='ocrx_word' id='word_1_29' title='bbox 555 707 727 787; x_wconf 75' lang='lat' dir='ltr'>deputandi</span> <span class='ocrx_word' id='word_1_30' title='bbox 743 709 774 770; x_wconf 87' lang='lat' dir='ltr'><strong>ct</strong></span> <span class='ocrx_word' id='word_1_31' title='bbox 786 707 983 788; x_wconf 89' lang='lat' dir='ltr'><strong>abepiscopo</strong></span> <span class='ocrx_word' id='word_1_32' title='bbox 998 723 1115 784; x_wconf 89' lang='lat' dir='ltr'><strong>appro-</strong></span> 
     </span>
     <span class='ocr_line' id='line_1_6' title="bbox 184 797 1115 879; baseline -0.002 -19"><span class='ocrx_word' id='word_1_33' title='bbox 184 799 305 860; x_wconf 86' lang='lat' dir='ltr'><strong>bandi?</strong></span> <span class='ocrx_word' id='word_1_34' title='bbox 319 797 491 878; x_wconf 84' lang='lat' dir='ltr'>Respondit</span> <span class='ocrx_word' id='word_1_35' title='bbox 505 801 536 860; x_wconf 89' lang='lat' dir='ltr'><strong>S.</strong></span> <span class='ocrx_word' id='word_1_36' title='bbox 556 801 588 861; x_wconf 83' lang='lat' dir='ltr'><strong>G.</strong></span> <span class='ocrx_word' id='word_1_37' title='bbox 609 801 642 861; x_wconf 85' lang='lat' dir='ltr'><strong>G.</strong></span> <span class='ocrx_word' id='word_1_38' title='bbox 660 800 845 862; x_wconf 85' lang='lat' dir='ltr'><strong>affirmative</strong></span> <span class='ocrx_word' id='word_1_39' title='bbox 863 799 965 879; x_wconf 91' lang='lat' dir='ltr'><strong>quoad</strong></span> <span class='ocrx_word' id='word_1_40' title='bbox 982 798 1115 876; x_wconf 90' lang='lat' dir='ltr'><strong>deputa·</strong></span> 
     </span>
     <span class='ocr_line' id='line_1_7' title="bbox 182 890 1114 970; baseline -0.003 -17"><span class='ocrx_word' id='word_1_41' title='bbox 182 892 301 954; x_wconf 91' lang='lat' dir='ltr'><strong>tionem</strong></span> <span class='ocrx_word' id='word_1_42' title='bbox 332 895 363 952; x_wconf 88' lang='lat' dir='ltr'><strong>et</strong></span> <span class='ocrx_word' id='word_1_43' title='bbox 393 890 651 970; x_wconf 79' lang='lat' dir='ltr'><strong>approbationem</strong></span> <span class='ocrx_word' id='word_1_44' title='bbox 684 892 864 953; x_wconf 89' lang='lat' dir='ltr'><strong>confessarii</strong></span> <span class='ocrx_word' id='word_1_45' title='bbox 899 896 1041 970; x_wconf 85' lang='lat' dir='ltr'><strong>spectare</strong></span> <span class='ocrx_word' id='word_1_46' title='bbox 1072 890 1114 950; x_wconf 89' lang='lat' dir='ltr'><strong>ad</strong></span> 
     </span>
     <span class='ocr_line' id='line_1_8' title="bbox 184 981 1113 1064; baseline -0.002 -20"><span class='ocrx_word' id='word_1_47' title='bbox 184 985 366 1064; x_wconf 90' lang='lat' dir='ltr'><strong>episcopum</strong></span> <span class='ocrx_word' id='word_1_48' title='bbox 394 981 504 1056; x_wconf 77' lang='lat' dir='ltr'><strong>(eodum</strong></span> <span class='ocrx_word' id='word_1_49' title='bbox 525 984 633 1064; x_wconf 79' lang='lat' dir='ltr'><strong>conso),</strong></span> <span class='ocrx_word' id='word_1_50' title='bbox 658 986 691 1044; x_wconf 89' lang='lat' dir='ltr'><strong>in</strong></span> <span class='ocrx_word' id='word_1_51' title='bbox 714 1003 777 1064; x_wconf 87' lang='lat' dir='ltr'><strong>qna</strong></span> <span class='ocrx_word' id='word_1_52' title='bbox 800 984 895 1046; x_wconf 88' lang='lat' dir='ltr'><strong>etiam</strong></span> <span class='ocrx_word' id='word_1_53' title='bbox 918 983 1113 1044; x_wconf 89' lang='lat' dir='ltr'><strong>declaratum</strong></span> 
     </span>
     <span class='ocr_line' id='line_1_9' title="bbox 183 1073 1112 1156; baseline 0 -20"><span class='ocrx_word' id='word_1_54' title='bbox 183 1077 241 1140; x_wconf 91' lang='lat' dir='ltr'><strong>fuit</strong></span> <span class='ocrx_word' id='word_1_55' title='bbox 260 1075 423 1137; x_wconf 85' lang='lat' dir='ltr'><strong>eveniente</strong></span> <span class='ocrx_word' id='word_1_56' title='bbox 444 1075 530 1136; x_wconf 90' lang='lat' dir='ltr'><strong>obitu</strong></span> <span class='ocrx_word' id='word_1_57' title='bbox 550 1075 683 1156; x_wconf 88' lang='lat' dir='ltr'><strong>alicujus</strong></span> <span class='ocrx_word' id='word_1_58' title='bbox 708 1077 852 1138; x_wconf 89' lang='lat' dir='ltr'><strong>monialis</strong></span> <span class='ocrx_word' id='word_1_59' title='bbox 871 1075 922 1136; x_wconf 90' lang='lat' dir='ltr'><strong>vel</strong></span> <span class='ocrx_word' id='word_1_60' title='bbox 941 1073 1112 1136; x_wconf 80' lang='lat' dir='ltr'><strong>educandae</strong></span> 
     </span>
     <span class='ocr_line' id='line_1_10' title="bbox 182 1166 1113 1248; baseline 0 -20"><span class='ocrx_word' id='word_1_61' title='bbox 182 1187 245 1230; x_wconf 92' lang='lat' dir='ltr'><strong>non</strong></span> <span class='ocrx_word' id='word_1_62' title='bbox 260 1186 351 1247; x_wconf 89' lang='lat' dir='ltr'><strong>posse</strong></span> <span class='ocrx_word' id='word_1_63' title='bbox 367 1166 548 1247; x_wconf 88' lang='lat' dir='ltr'><strong>episcopum</strong></span> <span class='ocrx_word' id='word_1_64' title='bbox 558 1168 736 1248; x_wconf 87' lang='lat' dir='ltr'><strong>prohibere,</strong></span> <span class='ocrx_word' id='word_1_65' title='bbox 745 1188 784 1230; x_wconf 95' lang='lat' dir='ltr'><strong>ne</strong></span> <span class='ocrx_word' id='word_1_66' title='bbox 798 1170 831 1229; x_wconf 92' lang='lat' dir='ltr'><strong>in</strong></span> <span class='ocrx_word' id='word_1_67' title='bbox 844 1169 976 1230; x_wconf 87' lang='lat' dir='ltr'><strong>ecclesia</strong></span> <span class='ocrx_word' id='word_1_68' title='bbox 987 1186 1113 1229; x_wconf 90' lang='lat' dir='ltr'><strong>monas-</strong></span> 
     </span>
     <span class='ocr_line' id='line_1_11' title="bbox 179 1259 632 1340; baseline -0.002 -17"><span class='ocrx_word' id='word_1_69' title='bbox 179 1260 251 1323; x_wconf 85' lang='lat' dir='ltr'><strong>terii</strong></span> <span class='ocrx_word' id='word_1_70' title='bbox 267 1259 465 1322; x_wconf 87' lang='lat' dir='ltr'><strong>celebrentur</strong></span> <span class='ocrx_word' id='word_1_71' title='bbox 482 1259 632 1340; x_wconf 78' lang='lat' dir='ltr'><strong>exequiae.</strong></span> 
     </span>
    </p>

    <p class='ocr_par' dir='ltr' id='par_1_4' title="bbox 183 1352 1218 1526">
     <span class='ocr_line' id='line_1_12' title="bbox 219 1352 1218 1433; baseline -0.002 -18"><span class='ocrx_word' id='word_1_72' title='bbox 219 1357 253 1415; x_wconf 69' lang='lat'><strong>&#39;8⁰</strong></span> <span class='ocrx_word' id='word_1_73' title='bbox 273 1352 405 1414; x_wconf 88' lang='lat' dir='ltr'><strong>Parocbi</strong></span> <span class='ocrx_word' id='word_1_74' title='bbox 430 1352 602 1432; x_wconf 79' lang='lat' dir='ltr'><strong>regulares,</strong></span> <span class='ocrx_word' id='word_1_75' title='bbox 618 1353 738 1415; x_wconf 90' lang='lat' dir='ltr'><strong>etiamsi</strong></span> <span class='ocrx_word' id='word_1_76' title='bbox 765 1353 827 1414; x_wconf 90' lang='lat' dir='ltr'><strong>sint</strong></span> <span class='ocrx_word' id='word_1_77' title='bbox 853 1353 983 1414; x_wconf 87' lang='lat' dir='ltr'><strong>abbates</strong></span> <span class='ocrx_word' id='word_1_78' title='bbox 1010 1352 1111 1433; x_wconf 84' lang='lat' dir='ltr'><strong>cujus·</strong></span> <span class='ocrx_word' id='word_1_79' title='bbox 1216 1429 1218 1432; x_wconf 80' lang='lat'>.</span> 
     </span>
     <span class='ocr_line' id='line_1_13' title="bbox 183 1445 1109 1526; baseline -0.001 -20"><span class='ocrx_word' id='word_1_80' title='bbox 183 1465 317 1526; x_wconf 89' lang='lat' dir='ltr'><strong>cumque</strong></span> <span class='ocrx_word' id='word_1_81' title='bbox 333 1445 479 1522; x_wconf 86' lang='lat' dir='ltr'><strong>ordinis,</strong></span> <span class='ocrx_word' id='word_1_82' title='bbox 511 1448 542 1506; x_wconf 89' lang='lat' dir='ltr'><strong>ct</strong></span> <span class='ocrx_word' id='word_1_83' title='bbox 572 1445 749 1525; x_wconf 76' lang='lat' dir='ltr'><strong>prasertim</strong></span> <span class='ocrx_word' id='word_1_84' title='bbox 778 1446 1109 1522; x_wconf 78' lang='lat' dir='ltr'><strong>PraemonstratenseS,</strong></span> 
     </span>
    </p>

    <p class='ocr_par' dir='ltr' id='par_1_5' title="bbox 41 1536 1111 1617">
     <span class='ocr_line' id='line_1_14' title="bbox 41 1536 1111 1617; baseline -0.002 -18"><span class='ocrx_word' id='word_1_85' title='bbox 41 1607 45 1614; x_wconf 16' lang='lat' dir='ltr'><strong>p</strong></span> <span class='ocrx_word' id='word_1_86' title='bbox 127 1578 129 1583; x_wconf 83' lang='lat'><em>.</em></span> <span class='ocrx_word' id='word_1_87' title='bbox 182 1537 401 1599; x_wconf 79' lang='lat' dir='ltr'><strong>cistercienses</strong></span> <span class='ocrx_word' id='word_1_88' title='bbox 415 1536 1111 1617; x_wconf 86' lang='lat' dir='ltr'><strong>etBencdictininonpossnntasupcrioribus</strong></span> 
     </span>
    </p>

    <p class='ocr_par' dir='ltr' id='par_1_6' title="bbox 173 1627 1111 2079">
     <span class='ocr_line' id='line_1_15' title="bbox 179 1627 1111 1708; baseline 0 -19"><span class='ocrx_word' id='word_1_89' title='bbox 179 1627 380 1708; x_wconf 81' lang='lat' dir='ltr'><strong>regularibus</strong></span> <span class='ocrx_word' id='word_1_90' title='bbox 397 1628 436 1688; x_wconf 93' lang='lat' dir='ltr'><strong>ad</strong></span> <span class='ocrx_word' id='word_1_91' title='bbox 459 1646 568 1690; x_wconf 85' lang='lat' dir='ltr'><strong>curam</strong></span> <span class='ocrx_word' id='word_1_92' title='bbox 594 1631 771 1692; x_wconf 81' lang='lat' dir='ltr'><strong>animarum</strong></span> <span class='ocrx_word' id='word_1_93' title='bbox 789 1630 987 1707; x_wconf 85' lang='lat' dir='ltr'><strong>secularium,</strong></span> <span class='ocrx_word' id='word_1_94' title='bbox 1002 1635 1033 1690; x_wconf 86' lang='lat' dir='ltr'><strong>et</strong></span> <span class='ocrx_word' id='word_1_95' title='bbox 1048 1646 1111 1690; x_wconf 91' lang='lat' dir='ltr'><strong>non</strong></span> 
     </span>
     <span class='ocr_line' id='line_1_16' title="bbox 179 1720 1108 1801; baseline -0.001 -19"><span class='ocrx_word' id='word_1_96' title='bbox 179 1721 436 1782; x_wconf 79' lang='lat' dir='ltr'><strong>commensalium</strong></span> <span class='ocrx_word' id='word_1_97' title='bbox 456 1720 502 1801; x_wconf 93' lang='lat' dir='ltr'><strong>(in</strong></span> <span class='ocrx_word' id='word_1_98' title='bbox 524 1720 682 1800; x_wconf 88' lang='lat' dir='ltr'><strong>parochiis</strong></span> <span class='ocrx_word' id='word_1_99' title='bbox 706 1721 850 1783; x_wconf 87' lang='lat' dir='ltr'><strong>dioecesis</strong></span> <span class='ocrx_word' id='word_1_100' title='bbox 872 1720 1108 1799; x_wconf 72' lang='lat' dir='ltr'><strong>olomucensis),</strong></span> 
     </span>
     <span class='ocr_line' id='line_1_17' title="bbox 173 1813 1108 1892; baseline -0.001 -18"><span class='ocrx_word' id='word_1_101' title='bbox 173 1813 252 1875; x_wconf 82' lang='lat' dir='ltr'><strong>licet</strong></span> <span class='ocrx_word' id='word_1_102' title='bbox 270 1813 331 1874; x_wconf 80' lang='lat' dir='ltr'><strong>illae</strong></span> <span class='ocrx_word' id='word_1_103' title='bbox 352 1813 550 1874; x_wconf 89' lang='lat' dir='ltr'><strong>monasteriis</strong></span> <span class='ocrx_word' id='word_1_104' title='bbox 566 1814 719 1892; x_wconf 80' lang='lat' dir='ltr'><strong>exemptis</strong></span> <span class='ocrx_word' id='word_1_105' title='bbox 734 1814 795 1875; x_wconf 88' lang='lat' dir='ltr'><strong>sint</strong></span> <span class='ocrx_word' id='word_1_106' title='bbox 806 1814 900 1875; x_wconf 75' lang='lat' dir='ltr'><strong>nnita</strong></span> <span class='ocrx_word' id='word_1_107' title='bbox 912 1831 949 1874; x_wconf 88' lang='lat' dir='ltr'><strong>ac</strong></span> <span class='ocrx_word' id='word_1_108' title='bbox 961 1830 1108 1889; x_wconf 81' lang='lat' dir='ltr'><strong>annexae,</strong></span> 
     </span>
     <span class='ocr_line' id='line_1_18' title="bbox 179 1905 1109 1987; baseline -0.003 -19"><span class='ocrx_word' id='word_1_109' title='bbox 179 1906 244 1969; x_wconf 76' lang='lat' dir='ltr'><strong>sire</strong></span> <span class='ocrx_word' id='word_1_110' title='bbox 265 1905 393 1986; x_wconf 88' lang='lat' dir='ltr'><strong>dejure</strong></span> <span class='ocrx_word' id='word_1_111' title='bbox 413 1909 597 1987; x_wconf 89' lang='lat' dir='ltr'><strong>patronatus</strong></span> <span class='ocrx_word' id='word_1_112' title='bbox 618 1905 778 1984; x_wconf 86' lang='lat' dir='ltr'><strong>destinari,</strong></span> <span class='ocrx_word' id='word_1_113' title='bbox 792 1906 940 1985; x_wconf 90' lang='lat' dir='ltr'><strong>illamque</strong></span> <span class='ocrx_word' id='word_1_114' title='bbox 966 1923 1109 1966; x_wconf 88' lang='lat' dir='ltr'><strong>exercere</strong></span> 
     </span>
     <span class='ocr_line' id='line_1_19' title="bbox 173 1993 1090 2079; baseline -0.003 -19"><span class='ocrx_word' id='word_1_115' title='bbox 173 1999 247 2061; x_wconf 82' lang='lat' dir='ltr'><strong>sine</strong></span> <span class='ocrx_word' id='word_1_116' title='bbox 262 1998 490 2079; x_wconf 80' lang='lat' dir='ltr'><strong>approbatione</strong></span> <span class='ocrx_word' id='word_1_117' title='bbox 505 1997 653 2078; x_wconf 88' lang='lat' dir='ltr'><strong>episcopi.</strong></span> <span class='ocrx_word' id='word_1_118' title='bbox 1086 1993 1090 2000; x_wconf 83' lang='lat'><em>&#39;</em></span> 
     </span>
    </p>

    <p class='ocr_par' dir='ltr' id='par_1_7' title="bbox 176 2089 1213 3462">
     <span class='ocr_line' id='line_1_20' title="bbox 221 2089 1110 2170; baseline -0.001 -18"><span class='ocrx_word' id='word_1_119' title='bbox 221 2093 285 2152; x_wconf 89' lang='lat' dir='ltr'><strong>Nec</strong></span> <span class='ocrx_word' id='word_1_120' title='bbox 302 2091 463 2170; x_wconf 86' lang='lat' dir='ltr'><strong>regulares</strong></span> <span class='ocrx_word' id='word_1_121' title='bbox 479 2091 546 2151; x_wconf 88' lang='lat' dir='ltr'><strong>dari</strong></span> <span class='ocrx_word' id='word_1_122' title='bbox 569 2091 600 2151; x_wconf 95' lang='lat' dir='ltr'><strong>in</strong></span> <span class='ocrx_word' id='word_1_123' title='bbox 625 2089 822 2170; x_wconf 82' lang='lat' dir='ltr'><strong>coadjutores</strong></span> <span class='ocrx_word' id='word_1_124' title='bbox 846 2091 1000 2153; x_wconf 88' lang='lat' dir='ltr'><strong>dictorum</strong></span> <span class='ocrx_word' id='word_1_125' title='bbox 1016 2107 1110 2170; x_wconf 88' lang='lat' dir='ltr'><strong>paro-</strong></span> 
     </span>
     <span class='ocr_line' id='line_1_21' title="bbox 181 2182 1109 2263; baseline -0.003 -18"><span class='ocrx_word' id='word_1_126' title='bbox 181 2183 313 2246; x_wconf 90' lang='lat' dir='ltr'><strong>chorum</strong></span> <span class='ocrx_word' id='word_1_127' title='bbox 334 2187 467 2263; x_wconf 90' lang='lat' dir='ltr'><strong>possnnt</strong></span> <span class='ocrx_word' id='word_1_128' title='bbox 489 2183 734 2263; x_wconf 87' lang='lat' dir='ltr'><strong>asuperioribus</strong></span> <span class='ocrx_word' id='word_1_129' title='bbox 750 2182 948 2263; x_wconf 89' lang='lat' dir='ltr'><strong>regularibus</strong></span> <span class='ocrx_word' id='word_1_130' title='bbox 969 2183 1035 2244; x_wconf 88' lang='lat' dir='ltr'><strong>sine</strong></span> <span class='ocrx_word' id='word_1_131' title='bbox 1055 2201 1109 2243; x_wconf 83' lang='lat' dir='ltr'><strong>ex-</strong></span> 
     </span>
     <span class='ocr_line' id='line_1_22' title="bbox 180 2275 1108 2358; baseline -0.004 -20"><span class='ocrx_word' id='word_1_132' title='bbox 180 2295 289 2358; x_wconf 89' lang='lat' dir='ltr'><strong>pressa</strong></span> <span class='ocrx_word' id='word_1_133' title='bbox 304 2277 432 2339; x_wconf 88' lang='lat' dir='ltr'><strong>licentia</strong></span> <span class='ocrx_word' id='word_1_134' title='bbox 460 2275 614 2357; x_wconf 85' lang='lat' dir='ltr'><strong>episcopi3</strong></span> <span class='ocrx_word' id='word_1_135' title='bbox 639 2276 695 2336; x_wconf 90' lang='lat' dir='ltr'><strong>sed</strong></span> <span class='ocrx_word' id='word_1_136' title='bbox 719 2282 766 2336; x_wconf 90' lang='lat' dir='ltr'><strong>est</strong></span> <span class='ocrx_word' id='word_1_137' title='bbox 788 2275 820 2336; x_wconf 95' lang='lat' dir='ltr'><strong>in</strong></span> <span class='ocrx_word' id='word_1_138' title='bbox 837 2279 989 2355; x_wconf 86' lang='lat' dir='ltr'><strong>potestate</strong></span> <span class='ocrx_word' id='word_1_139' title='bbox 1012 2275 1108 2352; x_wconf 90' lang='lat' dir='ltr'><strong>ipsius</strong></span> 
     </span>
     <span class='ocr_line' id='line_1_23' title="bbox 181 2367 1213 2450; baseline -0.006 -19"><span class='ocrx_word' id='word_1_140' title='bbox 181 2371 320 2450; x_wconf 86' lang='lat' dir='ltr'><strong>episcopi</strong></span> <span class='ocrx_word' id='word_1_141' title='bbox 339 2371 372 2429; x_wconf 90' lang='lat' dir='ltr'><strong>in</strong></span> <span class='ocrx_word' id='word_1_142' title='bbox 394 2370 619 2449; x_wconf 88' lang='lat' dir='ltr'><strong>approbatione</strong></span> <span class='ocrx_word' id='word_1_143' title='bbox 640 2368 900 2430; x_wconf 85' lang='lat' dir='ltr'><strong>confessariorum</strong></span> <span class='ocrx_word' id='word_1_144' title='bbox 918 2367 1109 2447; x_wconf 84' lang='lat' dir='ltr'><strong>regularium</strong></span> <span class='ocrx_word' id='word_1_145' title='bbox 1209 2443 1213 2448; x_wconf 25' lang='grc' dir='ltr'>Ι</span> 
     </span>
     <span class='ocr_line' id='line_1_24' title="bbox 179 2460 1110 2540; baseline -0.002 -18"><span class='ocrx_word' id='word_1_146' title='bbox 179 2463 315 2524; x_wconf 87' lang='lat' dir='ltr'><strong>limitare</strong></span> <span class='ocrx_word' id='word_1_147' title='bbox 334 2461 516 2521; x_wconf 88' lang='lat' dir='ltr'><strong>eorumdem</strong></span> <span class='ocrx_word' id='word_1_148' title='bbox 534 2461 698 2522; x_wconf 88' lang='lat' dir='ltr'><strong>facultates</strong></span> <span class='ocrx_word' id='word_1_149' title='bbox 715 2478 778 2522; x_wconf 91' lang='lat' dir='ltr'><strong>non</strong></span> <span class='ocrx_word' id='word_1_150' title='bbox 794 2461 896 2522; x_wconf 89' lang='lat' dir='ltr'><strong>solnm</strong></span> <span class='ocrx_word' id='word_1_151' title='bbox 913 2460 1018 2540; x_wconf 88' lang='lat' dir='ltr'><strong>quoad</strong></span> <span class='ocrx_word' id='word_1_152' title='bbox 1030 2463 1110 2520; x_wconf 89' lang='lat' dir='ltr'><strong>tem-</strong></span> 
     </span>
     <span class='ocr_line' id='line_1_25' title="bbox 176 2550 1110 2633; baseline -0.002 -20"><span class='ocrx_word' id='word_1_153' title='bbox 176 2567 255 2633; x_wconf 82' lang='lat' dir='ltr'><strong>·pns,</strong></span> <span class='ocrx_word' id='word_1_154' title='bbox 270 2551 440 2612; x_wconf 87' lang='lat' dir='ltr'><strong>sedetiam</strong></span> <span class='ocrx_word' id='word_1_155' title='bbox 452 2552 555 2630; x_wconf 89' lang='lat' dir='ltr'><strong>quoad</strong></span> <span class='ocrx_word' id='word_1_156' title='bbox 569 2569 719 2630; x_wconf 89' lang='lat' dir='ltr'><strong>personas</strong></span> <span class='ocrx_word' id='word_1_157' title='bbox 740 2557 771 2614; x_wconf 88' lang='lat' dir='ltr'><strong>et</strong></span> <span class='ocrx_word' id='word_1_158' title='bbox 783 2553 864 2629; x_wconf 89' lang='lat' dir='ltr'><strong>loca,</strong></span> <span class='ocrx_word' id='word_1_159' title='bbox 881 2552 913 2611; x_wconf 92' lang='lat' dir='ltr'><strong>in</strong></span> <span class='ocrx_word' id='word_1_160' title='bbox 928 2551 1040 2630; x_wconf 89' lang='lat' dir='ltr'><strong>quibus</strong></span> <span class='ocrx_word' id='word_1_161' title='bbox 1055 2550 1110 2611; x_wconf 90' lang='lat' dir='ltr'><strong>de·</strong></span> 
     </span>
     <span class='ocr_line' id='line_1_26' title="bbox 180 2642 949 2724; baseline -0.001 -19"><span class='ocrx_word' id='word_1_162' title='bbox 180 2646 256 2706; x_wconf 90' lang='lat' dir='ltr'><strong>bent</strong></span> <span class='ocrx_word' id='word_1_163' title='bbox 270 2643 481 2705; x_wconf 88' lang='lat' dir='ltr'><strong>confessiones</strong></span> <span class='ocrx_word' id='word_1_164' title='bbox 493 2642 613 2704; x_wconf 87' lang='lat' dir='ltr'><strong>audire.</strong></span> <span class='ocrx_word' id='word_1_165' title='bbox 627 2643 671 2720; x_wconf 76' lang='lat' dir='ltr'><strong>(C.</strong></span> <span class='ocrx_word' id='word_1_166' title='bbox 687 2643 721 2706; x_wconf 87' lang='lat' dir='ltr'><strong>C.</strong></span> <span class='ocrx_word' id='word_1_167' title='bbox 734 2649 752 2705; x_wconf 77' lang='lat'>7</span> <span class='ocrx_word' id='word_1_168' title='bbox 760 2644 838 2724; x_wconf 80' lang='lat' dir='ltr'><strong>jolii</strong></span> <span class='ocrx_word' id='word_1_169' title='bbox 850 2643 949 2724; x_wconf 76' lang='lat'><strong>1755.)</strong></span> 
     </span>
     <span class='ocr_line' id='line_1_27' title="bbox 180 2734 1109 2818; baseline -0.005 -18"><span class='ocrx_word' id='word_1_170' title='bbox 180 2734 190 2748; x_wconf 82' lang='lat'><em>&#39;</em></span> <span class='ocrx_word' id='word_1_171' title='bbox 218 2742 251 2800; x_wconf 78' lang='lat'><strong>9⁰</strong></span> <span class='ocrx_word' id='word_1_172' title='bbox 264 2737 436 2818; x_wconf 79' lang='lat' dir='ltr'><strong>Episcopus</strong></span> <span class='ocrx_word' id='word_1_173' title='bbox 449 2734 692 2815; x_wconf 86' lang='lat' dir='ltr'><strong>(Squillacensis)</strong></span> <span class='ocrx_word' id='word_1_174' title='bbox 704 2743 810 2816; x_wconf 88' lang='lat' dir='ltr'><strong>patres</strong></span> <span class='ocrx_word' id='word_1_175' title='bbox 824 2736 962 2797; x_wconf 89' lang='lat' dir='ltr'><strong>minores</strong></span> <span class='ocrx_word' id='word_1_176' title='bbox 974 2753 1109 2797; x_wconf 82' lang='lat' dir='ltr'><strong>eonven-</strong></span> 
     </span>
     <span class='ocr_line' id='line_1_28' title="bbox 179 2827 1108 2909; baseline -0.004 -17"><span class='ocrx_word' id='word_1_177' title='bbox 179 2829 280 2892; x_wconf 87' lang='lat' dir='ltr'><strong>tuales</strong></span> <span class='ocrx_word' id='word_1_178' title='bbox 305 2829 464 2908; x_wconf 74' lang='lat' dir='ltr'><strong>&lt;degentes</strong></span> <span class='ocrx_word' id='word_1_179' title='bbox 487 2827 519 2888; x_wconf 90' lang='lat' dir='ltr'><strong>in</strong></span> <span class='ocrx_word' id='word_1_180' title='bbox 542 2834 628 2888; x_wconf 89' lang='lat' dir='ltr'><strong>terra</strong></span> <span class='ocrx_word' id='word_1_181' title='bbox 644 2829 750 2890; x_wconf 83' lang='lat' dir='ltr'><strong>Mottae</strong></span> <span class='ocrx_word' id='word_1_182' title='bbox 765 2828 959 2909; x_wconf 83' lang='lat' dir='ltr'><strong>Bruncatnri)</strong></span> <span class='ocrx_word' id='word_1_183' title='bbox 979 2845 1108 2890; x_wconf 91' lang='lat' dir='ltr'><strong>monere</strong></span> 
     </span>
     <span class='ocr_line' id='line_1_29' title="bbox 180 2920 1110 3004; baseline -0.006 -19"><span class='ocrx_word' id='word_1_184' title='bbox 180 2923 299 3004; x_wconf 82' lang='lat' dir='ltr'><strong>nequit,</strong></span> <span class='ocrx_word' id='word_1_185' title='bbox 316 2940 355 2984; x_wconf 91' lang='lat' dir='ltr'><strong>ne</strong></span> <span class='ocrx_word' id='word_1_186' title='bbox 373 2920 536 2982; x_wconf 91' lang='lat' dir='ltr'><strong>dominicis</strong></span> <span class='ocrx_word' id='word_1_187' title='bbox 550 2920 698 2999; x_wconf 90' lang='lat' dir='ltr'><strong>festisque</strong></span> <span class='ocrx_word' id='word_1_188' title='bbox 722 2921 832 2982; x_wconf 87' lang='lat' dir='ltr'><strong>dicbus</strong></span> <span class='ocrx_word' id='word_1_189' title='bbox 851 2925 923 2984; x_wconf 89' lang='lat' dir='ltr'><strong>ante</strong></span> <span class='ocrx_word' id='word_1_190' title='bbox 936 2920 1039 2982; x_wconf 81' lang='lat' dir='ltr'><strong>missae</strong></span> <span class='ocrx_word' id='word_1_191' title='bbox 1054 2935 1110 2998; x_wconf 90' lang='lat' dir='ltr'><strong>pa-</strong></span> 
     </span>
     <span class='ocr_line' id='line_1_30' title="bbox 181 3011 1107 3089; baseline -0.005 -13"><span class='ocrx_word' id='word_1_192' title='bbox 181 3015 327 3078; x_wconf 89' lang='lat' dir='ltr'><strong>rochialis</strong></span> <span class='ocrx_word' id='word_1_193' title='bbox 351 3014 612 3089; x_wconf 88' lang='lat' dir='ltr'><strong>celebrationem,</strong></span> <span class='ocrx_word' id='word_1_194' title='bbox 635 3013 685 3074; x_wconf 91' lang='lat' dir='ltr'><strong>vel</strong></span> <span class='ocrx_word' id='word_1_195' title='bbox 707 3012 807 3074; x_wconf 88' lang='lat' dir='ltr'><strong>donec</strong></span> <span class='ocrx_word' id='word_1_196' title='bbox 830 3013 883 3074; x_wconf 88' lang='lat' dir='ltr'><strong>illa</strong></span> <span class='ocrx_word' id='word_1_197' title='bbox 917 3011 1107 3089; x_wconf 80' lang='lat' dir='ltr'><strong>absolvatur,</strong></span> 
     </span>
     <span class='ocr_line' id='line_1_31' title="bbox 181 3104 1110 3187; baseline -0.005 -18"><span class='ocrx_word' id='word_1_198' title='bbox 181 3105 706 3187; x_wconf 85' lang='lat' dir='ltr'><strong>sacraperagantcumpreecedenti</strong></span> <span class='ocrx_word' id='word_1_199' title='bbox 716 3104 995 3166; x_wconf 82' lang='lat' dir='ltr'><strong>tintinnabulorum</strong></span> <span class='ocrx_word' id='word_1_200' title='bbox 1009 3104 1110 3166; x_wconf 85' lang='lat' dir='ltr'><strong>sonitu</strong></span> 
     </span>
     <span class='ocr_line' id='line_1_32' title="bbox 181 3196 1110 3277; baseline -0.001 -17"><span class='ocrx_word' id='word_1_201' title='bbox 181 3201 211 3260; x_wconf 94' lang='lat' dir='ltr'><strong>in</strong></span> <span class='ocrx_word' id='word_1_202' title='bbox 225 3218 333 3261; x_wconf 87' lang='lat' dir='ltr'><strong>earnm</strong></span> <span class='ocrx_word' id='word_1_203' title='bbox 344 3199 493 3273; x_wconf 87' lang='lat' dir='ltr'><strong>ecclesia;</strong></span> <span class='ocrx_word' id='word_1_204' title='bbox 510 3215 612 3277; x_wconf 91' lang='lat' dir='ltr'><strong>neque</strong></span> <span class='ocrx_word' id='word_1_205' title='bbox 633 3196 700 3277; x_wconf 87' lang='lat' dir='ltr'><strong>ejus</strong></span> <span class='ocrx_word' id='word_1_206' title='bbox 721 3196 851 3257; x_wconf 88' lang='lat' dir='ltr'><strong>monitio</strong></span> <span class='ocrx_word' id='word_1_207' title='bbox 865 3197 1025 3275; x_wconf 86' lang='lat' dir='ltr'><strong>regulares</strong></span> <span class='ocrx_word' id='word_1_208' title='bbox 1043 3215 1110 3259; x_wconf 89' lang='lat' dir='ltr'><strong>eos-</strong></span> 
     </span>
     <span class='ocr_line' id='line_1_33' title="bbox 181 3288 1111 3370; baseline -0.002 -19"><span class='ocrx_word' id='word_1_209' title='bbox 181 3291 254 3352; x_wconf 90' lang='lat' dir='ltr'><strong>dem</strong></span> <span class='ocrx_word' id='word_1_210' title='bbox 263 3311 296 3352; x_wconf 91' lang='lat' dir='ltr'><strong>sc</strong></span> <span class='ocrx_word' id='word_1_211' title='bbox 307 3292 347 3352; x_wconf 94' lang='lat' dir='ltr'><strong>ob</strong></span> <span class='ocrx_word' id='word_1_212' title='bbox 361 3291 540 3370; x_wconf 88' lang='lat' dir='ltr'><strong>generalem</strong></span> <span class='ocrx_word' id='word_1_213' title='bbox 559 3289 805 3351; x_wconf 88' lang='lat' dir='ltr'><strong>mendicantium</strong></span> <span class='ocrx_word' id='word_1_214' title='bbox 823 3288 969 3350; x_wconf 91' lang='lat' dir='ltr'><strong>ordinum</strong></span> <span class='ocrx_word' id='word_1_215' title='bbox 982 3307 1111 3370; x_wconf 89' lang='lat' dir='ltr'><strong>exemp-</strong></span> 
     </span>
     <span class='ocr_line' id='line_1_34' title="bbox 180 3380 1109 3462; baseline 0 -14"><span class='ocrx_word' id='word_1_216' title='bbox 180 3383 298 3448; x_wconf 89' lang='lat' dir='ltr'><strong>tionem</strong></span> <span class='ocrx_word' id='word_1_217' title='bbox 313 3401 332 3442; x_wconf 91' lang='lat' dir='ltr'><strong>a</strong></span> <span class='ocrx_word' id='word_1_218' title='bbox 347 3382 564 3462; x_wconf 87' lang='lat' dir='ltr'><strong>jurisdictione</strong></span> <span class='ocrx_word' id='word_1_219' title='bbox 579 3380 716 3461; x_wconf 88' lang='lat' dir='ltr'><strong>episcopi</strong></span> <span class='ocrx_word' id='word_1_220' title='bbox 730 3380 885 3443; x_wconf 75' lang='lat' dir='ltr'><strong>inmunes</strong></span> <span class='ocrx_word' id='word_1_221' title='bbox 909 3385 1109 3448; x_wconf 81' lang='lat' dir='ltr'><strong>autumantes</strong></span> 
     </span>
    </p>
   </div>
   <div class='ocr_carea' id='block_1_3' title="bbox 182 3471 720 3554">
    <p class='ocr_par' dir='ltr' id='par_1_8' title="bbox 182 3471 720 3554">
     <span class='ocr_line' id='line_1_35' title="bbox 182 3471 720 3554; baseline -0.013 -16"><span class='ocrx_word' id='word_1_222' title='bbox 182 3473 356 3554; x_wconf 63' lang='lat' dir='ltr'><strong>adstringit.</strong></span> <span class='ocrx_word' id='word_1_223' title='bbox 375 3474 419 3548; x_wconf 71' lang='lat' dir='ltr'><strong>rc.</strong></span> <span class='ocrx_word' id='word_1_224' title='bbox 439 3473 473 3538; x_wconf 82' lang='lat' dir='ltr'><strong>e.</strong></span> <span class='ocrx_word' id='word_1_225' title='bbox 490 3479 528 3537; x_wconf 79' lang='lat' dir='ltr'><strong>ee</strong></span> <span class='ocrx_word' id='word_1_226' title='bbox 543 3471 603 3554; x_wconf 76' lang='lat' dir='ltr'><strong>pt.</strong></span> <span class='ocrx_word' id='word_1_227' title='bbox 621 3474 720 3554; x_wconf 69' lang='lat' dir='ltr'><strong>ruer.)</strong></span> 
     </span>
    </p>
   </div>
   <div class='ocr_carea' id='block_1_4' title="bbox 0 0 1294 4012">
    <p class='ocr_par' dir='ltr' id='par_1_9' title="bbox 0 0 1294 4012">
     <span class='ocr_line' id='line_1_36' title="bbox 0 0 1294 4012; baseline 0 2"><span class='ocrx_word' id='word_1_228' title='bbox 0 0 1294 4012; x_wconf 95' lang='lat' dir='ltr'><strong> </strong></span> 
     </span>
    </p>
   </div>
  </div>
 </body>
</html>
