2586 4020
200 249 258 310 ito
406 257 634 308 rssrrronronrs
654 255 738 304 roris
758 255 914 305 erooomr.

196 403 370 469 invalidum
386 404 464 467 iliud
483 403 625 486 agnitum
636 401 743 479 fuisse,
760 407 815 464 eut
834 405 1018 468 reveratum
1035 406 1076 471 ab
1090 425 1138 474 eo

198 499 253 579 qui
263 497 316 580 jus
330 497 498 560 revocandi
514 497 621 558 habet.

238 606 319 668 Sunt
326 609 434 665 tamen
446 602 542 683 aliqui
557 619 648 664 easus
657 601 690 662 in
709 601 821 681 quibus
840 601 945 682 etiam,
960 611 1135 688 postquam

198 697 352 760 sententia
362 695 516 758 transitio
528 711 596 757 rem
603 693 789 775 judicatam,
800 695 1130 782 parsvieteaudiatur,

197 789 249 853 vel
263 788 418 852 sententia
431 782 594 850 retraetari
607 787 740 864 debeat,
760 789 795 846 ut
812 786 849 865 si,
863 805 893 849 v.
908 807 953 868 g,
972 808 1046 870 pars
1063 794 1135 856 vio.

198 883 261 946 trix
280 883 416 946 fateatur
431 881 617 944 sententiam
635 897 693 960 pro
721 897 754 940 se
769 879 866 942 latam
882 880 1032 962 injustam
1048 903 1128 967 esse,

197 975 248 1037 vel
259 975 285 1037 si
292 973 450 1037 notorium
460 973 500 1036 sit
507 972 695 1035 sententiam
703 989 771 1033 esse
778 971 936 1053 injustam,
954 981 1129 1056 eto.,ve1si

199 1085 220 1128 o
230 1066 337 1148 judioe
349 1066 487 1128 admissa
499 1065 558 1128 fuit
572 1064 678 1143 etiam,
694 1069 861 1146 postquam
878 1065 910 1128 iu
925 1084 993 1130 rem
1006 1069 1130 1151 judiea-

198 1163 264 1222 tam
287 1159 412 1222 transiit
431 1157 610 1235 sententia,
640 1152 781 1236 exceptio
809 1160 842 1219 at
859 1159 1003 1238 probatio
1018 1169 1129 1228 eontra

199 1251 348 1332 injustam
358 1249 555 1330 sententiam,
568 1249 711 1332 quamvis
721 1249 805 1312 enim
818 1249 850 1312 in
861 1251 917 1314 toli
932 1270 1006 1317 essu
1017 1256 1128 1321 admit·

199 1348 268 1410 tere
296 1344 513 1426 exceptionem
530 1344 626 1406 talem
643 1346 675 1406 et
688 1343 905 1422 probationem
923 1364 986 1408 non
1002 1348 1133 1416 deberet

171 1471 172 1475 =
196 1437 306 1520 judex,
322 1438 348 1501 si
361 1441 467 1501 tamen
492 1437 640 1514 admittit,
665 1435 760 1498 debet
775 1455 871 1516 super
886 1455 924 1500 ea
944 1444 1127 1520 exceptione

200 1530 275 1593 terri
301 1529 466 1608 sententia,
495 1532 526 1591 et
551 1529 576 1590 si
604 1527 722 1608 injusta
745 1527 841 1592 tuerit
867 1533 1031 1613 sententia,
1059 1536 1129 1599 haeo

124 1659 128 1668 ·
200 1622 375 1685 retraetari.

239 1715 271 1778 Si
298 1714 401 1794 prima
433 1715 589 1778 sententia
610 1713 757 1777 transivit
777 1714 809 1775 in
836 1733 905 1778 rem
928 1716 1127 1802 judicatam,

200 1825 263 1870 non
272 1810 359 1870 tenet
382 1807 521 1871 secunda
536 1810 645 1870 eontra
659 1808 794 1888 primam
807 1810 1005 1891 sententiam,
1018 1816 1131 1894 quae'in

201 1917 269 1963 rem
277 1899 451 1982 judicatam
464 1899 605 1978 transiit,
628 1899 702 1978 late,
722 1899 747 1961 si
762 1901 864 1980 prima
878 1905 1031 1966 sententia
1047 1905 1132 1986 judi·

202 1993 291 2056 eibns
311 1993 454 2057 exhibita
472 1993 618 2070 nonfuit,
642 1993 693 2054 vel
715 1993 793 2055 nihil
808 1997 917 2058 eontra
938 1997 1133 2062 validitatem

201 2086 284 2148 illius
311 2087 504 2170 oppositum
541 2088 629 2148 tenet
658 2102 758 2163 vero,
789 2087 816 2148 si
846 2088 949 2166 prima
978 2093 1134 2155 sententia

202 2177 342 2242 exhibita
351 2179 511 2261 judicibus
525 2177 594 2257 init,
613 2181 645 2240 et
663 2176 702 2239 de
717 2177 784 2260 ejus
803 2181 910 2244 valore
925 2181 1130 2264 disputatum,

202 2290 274 2338 oum
288 2278 374 2338 reete
385 2273 419 2336 in
436 2272 493 2337 tali
507 2289 580 2336 easu
594 2277 818 2352 praesumatur,
838 2274 923 2356 quod
931 2273 1055 2355 judiees
1069 2280 1133 2361 pri·

200 2383 286 2430 mam
295 2366 482 2430 sententiam
495 2383 552 2446 pro
568 2364 654 2426 nulls
669 2363 857 2446 habuerint,
875 2367 998 2431 etiamsi
1012 2369 1131 2434 direete

203 2459 281 2522 nibil
298 2457 572 2540 pronuntiaverint
595 2475 690 2535 super
710 2457 841 2536 valore,
867 2462 924 2522 aut
940 2459 1134 2527 invaliditate

203 2551 313 2630 prims
327 2551 488 2614 sententia
503 2595 511 2628 ,
525 2547 582 2612 sed
595 2551 720 2612 tantum
743 2550 1016 2629 pronuntiaverint
1036 2575 1133 2637 super

205 2659 300 2705 eausa
315 2643 490 2726 prinoipeli.

227 2791 238 2846 ς
251 2794 288 2836 ιιι.
298 2801 330 2834 nn
343 2799 478 2836 mnnnrrm
486 2798 552 2832 norro
565 2799 581 2832 ι
589 2798 707 2832 nunninus
716 2800 841 2835 :ememor
851 2803 925 2837 rom
935 2803 1015 2838 unm
1023 2805 1103 2842 mou.

243 2911 309 2976 Vll.
321 2910 361 2972 Si
376 2910 476 2991 plores
478 2905 595 2990 judiees
606 2908 639 2971 in
659 2909 765 2992 aliqua
784 2929 880 2976 eausa
900 2914 1040 2978 diversas
1059 2933 1131 2996 pro·
1170 2947 1179 2952 ·

203 3003 306 3066 ferant
329 3002 512 3080 sententias,
544 3017 689 3083 quaenam
711 3003 836 3067 illarum
849 3006 972 3069 valeat?
992 3008 1027 3069 ln
1041 3027 1128 3089 nasu,

204 3114 267 3177 quo
285 3095 391 3175 piures
413 3095 445 3156 hi
465 3093 588 3177 judices
616 3113 724 3158 omues
746 3102 820 3160 sunt
845 3103 1030 3179 praesentes,
1054 3102 1131 3166 dum

203 3189 345 3251 diversas
372 3189 478 3251 ferunt
502 3188 692 3267 sententias,
722 3190 859 3269 plurium
872 3187 1047 3272 sententia,
1064 3195 1130 3258 sive

203 3280 334 3363 majoris
352 3281 451 3362 partis
464 3273 563 3364 ,quae
584 3281 618 3342 in
638 3299 735 3343 unam
755 3283 943 3346 sententiam
968 3287 1128 3366 convenit,

202 3377 300 3437 tenet.
317 3374 504 3439 resumitur
523 3394 561 3437 en
573 3391 639 3436 rao.
654 3377 683 3449 i,
704 3381 733 3434 et
750 3379 779 3453 t,
793 3373 862 3438 dest.
887 3381 938 3454 65,
954 3377 1015 3440 nisi
1027 3379 1078 3441 vel
1093 3399 1131 3442 ex

204 3467 332 3548 speciali
346 3469 509 3549 rescripto,
534 3471 590 3531 aut
615 3464 779 3546 privilegio
805 3468 953 3548 quaelibet
975 3472 1132 3542 sententis
