2584 4022
516 279 555 325 nn
575 279 711 328 scurrus.
1035 265 1073 334 33

150 425 251 488 cundo
258 423 439 504 requiritur,
448 427 484 486 ut
493 423 687 503 exprimatur
693 425 750 504 rei,
764 426 816 506 qui
825 426 1073 508 citaturnomen,

150 521 180 581 et
192 532 380 598 cognomen,
391 518 442 580 vel
455 518 567 579 saltem
578 517 765 580 universitas
777 519 845 597 illa,
865 540 935 601 quae
951 523 1075 600 citatur,

151 615 183 675 ut
197 611 318 674 noverit
337 610 497 688 citandus,
514 610 598 691 quod
615 610 773 691 adipsum
791 613 896 676 citatio
909 615 1076 694 pertineat.

150 705 253 768 'lertio
268 704 458 784 requiritur,
474 707 509 766 ut
531 703 689 766 contineat
701 723 836 784 nomen,
858 711 889 768 et
904 725 1078 787 cognomen

151 798 274 876 actoris,
288 801 324 860 ut
338 799 459 860 noverit
477 816 549 858 reus
570 815 633 859 non
651 816 689 859 ex
704 797 805 862 officio
819 799 947 880 judicis,
968 801 1023 862 sed
1039 801 1080 862 ad

151 891 329 954 instantiam
348 890 416 952 lieri
441 890 632 952 citationem.
656 891 772 962 Quarto
791 893 976 972 requiritur,
993 896 1029 956 ut
1048 893 1080 954 in

153 984 297 1048 citatione
312 984 504 1064 exprimatur
518 1001 624 1060 causa,
637 983 748 1046 saltem
757 984 789 1045 in
799 1003 926 1065 genere,
935 986 975 1048 ob
986 1005 1082 1068 quam

153 1078 221 1160 quis
246 1077 374 1155 citatur,
399 1080 436 1139 ut
459 1077 633 1140 instruatur
652 1075 770 1140 scilicet
783 1077 876 1157 rosc,
902 1098 998 1160 super
1020 1097 1082 1161 quo

152 1170 366 1248 conveniatur,
383 1187 418 1231 ac
432 1170 606 1232 deliberare
619 1170 728 1249 possit,
736 1175 843 1233 utrum
857 1171 981 1252 litigare
996 1173 1082 1235 velit.

155 1264 266 1338 Quinto
281 1262 462 1343 requiritur,
478 1269 512 1324 ut
526 1264 614 1324 locus
625 1263 754 1343 judicii,
771 1282 826 1325 seu
836 1265 974 1327 tribunal
989 1284 1085 1346 appo·

154 1361 246 1419 natur
266 1356 336 1436 (nisi
352 1355 478 1418 aliunde
493 1359 614 1418 constet
628 1356 667 1416 de
682 1356 736 1418 tali
760 1355 859 1437 loco),
884 1361 919 1419 ut
932 1358 1011 1421 sciat
1025 1359 1086 1420 sci-

153 1452 227 1513 licet
239 1450 362 1526 citatus,
379 1469 420 1510 an
434 1449 481 1510 sui
496 1447 644 1511 territorii
656 1450 734 1510 fines
745 1450 926 1529 egrediatur
934 1451 1042 1532 judex,
1055 1453 1087 1512 et

154 1547 239 1606 tutus
254 1543 311 1604 sibi
325 1544 413 1604 locus
428 1542 494 1622 sit,
519 1541 560 1602 ad
576 1560 670 1622 quem
688 1541 812 1604 citatur.
834 1545 927 1606 Sexto
950 1545 1086 1624 denique

155 1637 334 1718 requiritur,
354 1640 390 1698 ut
404 1636 471 1696 dies
483 1638 599 1712 certus,
615 1639 646 1696 et
658 1635 810 1698 terminus
825 1655 983 1717 congruus
1003 1654 1087 1701 com·

155 1729 285 1810 parendi
296 1729 328 1790 in
340 1729 486 1790 citatione
500 1727 705 1808 exprimatur,
722 1733 757 1791 ut
769 1731 891 1792 noverit
905 1730 1029 1810 citatus,
1047 1749 1087 1791 an

156 1823 222 1885 dies
237 1823 385 1903 adquam
400 1821 525 1899 citatur,
540 1821 579 1882 sit
590 1821 736 1902 juridica,
752 1828 810 1885 etc.
1051 1901 1053 1905 ,

196 1917 277 1980 XVI.
303 1913 445 1990 Qualibet
467 1915 569 1976 citatio
587 1924 647 1976 tres
665 1923 770 1996 partes
793 1917 898 1996 hahet,
928 1919 1087 1982 auctario

158 2010 325 2090 diligenter
338 2007 415 2070 actis
436 2007 502 2070 litis
513 2007 702 2071 inferendas.
719 2010 824 2072 Primo
841 2013 1026 2075 mandatum
1037 2013 1090 2094 ju-

158 2103 254 2180 dicis,
266 2095 337 2182 sine
359 2119 420 2183 quo
436 2119 499 2163 non
514 2103 598 2182 valet
611 2102 727 2165 citatio.
748 2105 892 2168 Secundo
907 2110 942 2169 ut
962 2107 1090 2168 nuntius
1214 2181 1220 2192 .

158 2189 340 2260 citationem
354 2195 413 2258 sibi
433 2195 656 2258 demandatam
679 2203 852 2278 exequatur
868 2199 900 2259 in
920 2200 1033 2260 faciem
1049 2199 1091 2259 oi·

158 2290 257 2367 tandi,
281 2290 308 2350 si
319 2288 451 2368 reperiri
464 2289 573 2368 possit,
590 2289 639 2350 vel
655 2289 696 2349 ad
710 2289 792 2350 illius
807 2291 946 2366 domum,
961 2292 986 2350 si
1001 2291 1091 2352 aliter

158 2373 290 2463 reperiri
304 2400 367 2443 non
380 2381 489 2463 possit.
507 2381 611 2444 Tertio
626 2383 662 2443 ut
681 2381 807 2442 nuntius
829 2381 924 2444 faciat
936 2382 1091 2444 citationis

158 2476 250 2538 factae
266 2475 450 2537 relationem
462 2474 573 2557 judici,
593 2493 692 2555 quaea
710 2475 833 2538 notario
852 2474 884 2535 in
897 2480 968 2538 acta
982 2475 1091 2538 referri

161 2569 286 2646 debeat,
301 2571 337 2630 ut
350 2567 389 2630 de
404 2567 551 2630 citatione
561 2569 650 2631 'facta
664 2569 794 2647 constet,
811 2569 861 2630 vel
876 2569 900 2630 si
908 2569 1007 2652 judex
1013 2586 1092 2650 prae·

162 2680 233 2724 sens
248 2681 311 2724 non
335 2661 431 2739 adsit,
448 2661 505 2723 soli
525 2661 664 2740 notario,
686 2661 737 2724 cui
757 2662 901 2726 relationi
916 2663 1010 2725 etiam
1025 2679 1093 2724 cre·

162 2755 257 2833 ditur,
272 2759 303 2818 et
316 2754 409 2835 plena
423 2754 501 2815 fides
519 2753 688 2817 adhibetur
701 2756 876 2834 praesertim
890 2755 922 2816 iu
938 2754 1090 2817 civilibus.

205 2847 333 2923 Quilibet
335 2847 434 2928 jader
442 2854 613 2928 competens,
631 2848 696 2910 sive
712 2848 888 2911 ordinarius
900 2848 951 2910 ille
966 2848 1015 2925 sit,
1028 2847 1093 2907 sive

163 2941 338 3022 delegatus
356 2941 452 3003 citare
467 2943 584 3021 potest,
607 2959 680 3002 cum
698 2941 764 3002 sine
789 2941 934 3003 citatione
950 2938 1094 3020 J'urisdic-

160 3033 280 3097 tionem
294 3053 384 3096 suam
408 3053 553 3096 exercere
578 3050 641 3096 uon
664 3033 778 3112 possit,
799 3033 975 3108 itatamcn,
991 3029 1095 3110 utqui

162 3127 342 3208 delegatam
363 3130 491 3189 'tantum
510 3125 761 3208 jurisdictionem
788 3124 900 3202 hahet,
926 3121 1097 3185 verbaliter

159 3225 296 3298 tantum,
305 3220 355 3282 vel
365 3221 395 3281 in
410 3219 533 3300 scriptis
546 3219 642 3280 citare
655 3217 764 3298 possit,
777 3235 841 3279 non
854 3221 962 3278 autem
971 3217 1098 3278 realiter

84 3371 86 3381 ,
160 3334 221 3396 per
241 3318 423 3395 capturam,
440 3317 494 3375 aut
508 3331 565 3392 per
586 3311 741 3389 edictum,
758 3311 816 3373 nisi
835 3309 940 3392 quoad
961 3310 1098 3372 edictum

163 3409 205 3472 sit
226 3408 389 3488 delegatus
409 3405 547 3486 supremi
562 3403 729 3486 principis,
754 3407 809 3468 aut
833 3403 1002 3486 specialem
1016 3421 1102 3468 eom«

164 3500 361 3584 missionem,
374 3500 468 3566 etiam
481 3499 586 3582 quoad
596 3503 759 3582 capturam
773 3497 898 3566 habeat.
909 3497 948 3563 st
957 3495 1100 3584 quamvis
