2586 4020
513 277 558 324 'DE
578 274 715 327 :colons
1028 273 1086 358 ¹„oe

159 418 333 482 clesiestica
349 419 507 482 timeatur.
526 424 673 495 Quemvis
693 424 777 486 enim
797 426 841 486 ad
855 426 1014 506 'legitimas
1036 448 1087 492 ex·

158 530 271 593 pensas
291 513 559 576 excommunicato
574 516 733 578 faciendas
747 519 950 581 condemnari
965 523 1084 602 possit,

159 605 211 686 qui
224 605 325 666 sciens
341 606 555 686 exceptionem
569 607 651 670 hanc
662 609 782 689 omisit,
798 615 830 674 et
843 613 959 676 frustra
973 614 1088 677 labori·

138 700 216 762 ‘bus
241 701 272 759 et
295 699 470 780 sumptibus
497 700 640 781 fatigavit
666 708 806 766 actorem
836 707 1089 772 excommunica·

157 795 235 854 tum.
733 853 740 864 ,

200 886 289 958 Quod
310 887 336 946 si
347 888 454 947 tamen
467 886 579 966 aliquis
598 888 814 968 exceptionem
835 892 1088 955 excommunica·

159 978 253 1043 tionis
277 978 368 1039 alicui
393 977 530 1058 objiciat,
551 983 586 1041 ut
606 981 709 1060 ipsum
732 984 910 1064 magendo
930 985 1086 1063 repellat,

160 1070 254 1133 debet
265 1071 402 1151 speciem
415 1071 497 1133 illius
513 1073 629 1151 (utrum
643 1074 683 1136 sit
703 1075 815 1158 major
838 1077 888 1138 vel
916 1077 1019 1139 minor
1038 1097 1089 1140 ex·

161 1163 425 1243 communicatio),
435 1167 466 1227 et
475 1182 590 1232 nomen
599 1169 912 1231 excommunicatoris
926 1171 1089 1250 proprium

160 1261 191 1318 et
201 1256 905 1341 appellativum(velsaltemnomendignitotis)
913 1263 1090 1341 exprimere

162 1349 208 1430 (ut
219 1351 335 1412 sciatur
356 1347 537 1430 delegatus,
554 1370 595 1412 en
617 1353 793 1426 ordinarius
800 1354 900 1435 judex
918 1354 969 1416 hic
981 1354 1044 1434 sit),
1059 1359 1091 1415 et

160 1443 243 1504 intra
262 1450 330 1505 octo
348 1442 505 1523 proximos
529 1443 615 1522 dies,
633 1445 673 1506 ab
692 1444 816 1526 objecta
840 1445 1091 1514 excommunica·
1188 1455 1192 1462 ’

160 1536 256 1613 tione,
272 1535 354 1614 hanc
367 1537 502 1617 probare
519 1537 723 1616 apertissimis
738 1539 934 1602 documentis
948 1539 1016 1620 (per
1029 1542 1091 1602 tes·

160 1632 208 1691 tes
222 1629 340 1692 scilicet
351 1628 401 1690 vel
413 1629 643 1709 instrumenta),
660 1631 871 1693 admittendus
886 1631 1091 1696 iterumintra

159 1722 221 1782 tale
236 1725 370 1800 tempus,
388 1721 413 1782 si
429 1721 530 1800 prima
548 1722 616 1783 viee
631 1722 664 1784 in
677 1723 897 1802 probationem
914 1722 1089 1798 defecerit;

161 1831 223 1876 non
237 1817 342 1874 tamen
356 1814 448 1874 tertio
462 1815 571 1875 volens
582 1815 726 1895 excipere
742 1863 749 1894 ,
772 1817 846 1896 quia
865 1815 1088 1896 praesumitur,

161 1910 328 1986 postquam
337 1906 385 1971 his
394 1905 462 1984 jam
478 1906 636 1992 defecitin
651 1908 836 1987 probatione
852 1955 860 1985 ,
876 1908 1043 1984 malitiose,
1060 1910 1092 1968 et

160 2002 284 2064 tentum
309 1999 350 2059 ad
374 1997 665 2078 subterfugiendam
681 2001 870 2064 sententiam
893 2001 954 2062 hoo
973 2017 1089 2080 agere,

161 2090 219 2152 nisi
233 2107 315 2153 nova
330 2091 609 2158 excommunicatio
622 2099 695 2171 post
706 2093 785 2155 duas
800 2093 917 2174 primas
931 2091 1092 2173 probatio-

164 2201 219 2246 nes
234 2183 431 2246 interveniat.

203 2278 319 2340 Contra
327 2295 478 2356 personas
491 2278 618 2339 testium
632 2279 831 2357 exceptiones
852 2277 946 2358 objici
967 2283 999 2338 et
1019 2293 1093 2354 pro-

163 2368 232 2431 bari
244 2369 370 2451 debent,
379 2373 450 2432 ante
459 2370 557 2432 latam
566 2370 755 2434 sententiam
765 2371 947 2450 (autequam
955 2369 988 2429 in
998 2385 1093 2430 eausa

165 2462 346 2523 conclusum
357 2461 407 2542 sit)
431 2461 633 2524 definitivam.
650 2464 748 2523 Immo
770 2460 927 2523 ordinarie
949 2461 1017 2522 fieri
1041 2459 1093 2521 de·

164 2555 240 2617 bant
253 2555 303 2616 hee
316 2555 513 2634 exceptiones
527 2559 600 2616 aute
609 2555 783 2634 publicatas
794 2554 1017 2631 attestationes,
1035 2553 1094 2614 nisi

166 2665 229 2708 non
243 2650 309 2708 tam
322 2654 431 2709 eontra
443 2666 611 2728 personam
625 2649 723 2724 testie,
744 2666 839 2728 quam
854 2651 963 2711 contra
977 2646 1097 2709 dietum

166 2738 247 2800 illius
259 2743 445 2819 opponatur,
460 2743 514 2802 aut
528 2741 683 2802 sententie
694 2759 756 2802 non
768 2744 909 2802 transeat
922 2740 954 2800 in
967 2757 1036 2800 rem
1046 2737 1096 2818 ju·

167 2832 313 2910 dicatam,
331 2833 405 2912 quia
416 2833 448 2894 in
463 2833 511 2893 his
534 2833 657 2894 casibus
676 2851 801 2912 semper
818 2833 906 2894 loeus
930 2835 977 2892 est
997 2847 1097 2909 oppo-

167 2925 283 3004 nendi,
300 2925 341 2986 ad
354 2925 587 3006 impediendam
601 2926 713 2987 saltem
727 2922 1093 2986 excommunicationem.

207 3019 258 3080 ΙΙΙ.
281 3017 346 3096 Aa,
368 3026 397 3078 et
414 3017 541 3098 qualiter
552 3016 651 3098 judee
673 3024 783 3076 certum
803 3015 959 3076 terminum
971 3020 1098 3074 statuere

163 3111 357 3190 postitium
373 3128 467 3188 quem
481 3109 678 3190 exceptiones
694 3107 857 3184 dilatoriae,
867 3107 917 3168 vel
928 3105 1098 3184 etiamper·

168 3202 330 3283 emptoriae
342 3202 474 3281 proponi
489 3201 646 3264 debeant?
659 3203 764 3262 Potest
775 3199 873 3280 judex
897 3197 1039 3276 partibus
1061 3193 1099 3254 li-
1189 3207 1191 3212 ·

169 3293 341 3374 tigantibus
354 3295 523 3356 terminum
534 3298 682 3370 statuere,
698 3291 781 3353 intra
794 3309 889 3372 quem
903 3307 1011 3351 omnes
1026 3305 1099 3350 suas

172 3386 333 3448 dilatorias
348 3386 546 3467 exceptiones
558 3403 734 3466 proponere
750 3384 875 3461 debent,
890 3382 934 3448 ita
945 3385 979 3445 ut
988 3379 1014 3442 si
1029 3382 1101 3460 post

167 3479 341 3543 terminum
354 3479 451 3542 talem
463 3479 586 3546 finitum
601 3496 760 3560 opponere
774 3477 895 3559 aliquas
912 3475 1019 3552 velint,
1037 3489 1100 3535 non

262 3599 326 3646 sos.
346 3601 385 3642 ur.
813 3614 815 3620 ·
1012 3582 1030 3642 t
