2578 4012
220 265 280 326 sla
431 274 659 324 1usr1rurrouss
679 275 762 320 roais
784 273 938 319 cruorum.

220 420 314 500 piciat
329 417 377 499 (27
387 419 492 480 martii
502 418 608 497 l632);
626 436 689 480 non
701 423 806 478 autem
816 420 905 477 extra
916 415 1151 493 visitationem,

219 530 278 573 nec
298 511 423 591 quando
444 513 554 572 eontra
573 510 760 588 capitulares
784 509 825 569 ad
846 527 957 588 poenas
976 509 1154 569 extraordi-

219 604 323 666 narias
337 605 531 683 procederet.
551 601 662 680 (Cenat.
681 601 748 662 Ina.
766 620 778 662 .·
791 600 923 681 erponi.)
946 604 1026 662 Tum
1046 601 1154 681 requi-

219 698 299 758 ritur
308 697 472 758 consilium
481 699 512 757 et
523 714 669 756 assensus
677 695 812 756 duorum
823 693 1054 772 capitularium.
1065 692 1154 771 (Vide

220 788 330 850 Bened.
347 785 396 848 XI
402 786 490 862 tane
501 807 567 867 syo.
584 786 667 847 dioec.
672 833 682 862 ,
699 787 720 848 l.
738 788 786 848 13.
804 805 829 847 c.
847 784 891 864 9.)

259 936 284 977 V.
298 943 420 976 ”MONS
432 942 513 984 Quoue
526 939 690 975 neutricum
703 941 848 973 wllcl'wffl
865 941 895 973 ET
913 939 1111 973 mmmmm.

189 1019 191 1024 ⁸
259 1042 289 1099 1ο
304 1038 413 1112 Quoad
431 1037 567 1117 episcopi
586 1037 778 1116 pontificalia
789 1031 944 1097 Servanda
956 1039 1004 1098 est
1018 1055 1154 1099 consue-
1209 1072 1213 1080 ·

220 1130 296 1192 tudo
328 1129 480 1209 cujusque
514 1129 674 1202 ecelesiae3
705 1129 807 1208 deque
835 1129 1062 1190 consuetudine
1091 1130 1153 1190 nisi

220 1225 351 1299 constet,
373 1221 563 1282 servandum
578 1222 671 1282 estid
689 1221 774 1300 quod
795 1221 1008 1301 praescribitur
1025 1222 1058 1282 in
1071 1241 1154 1301 pon-

219 1314 345 1391 tificali,
377 1316 408 1375 et
435 1332 498 1374 non
527 1314 670 1376 obstante
698 1332 895 1393 quacumque
924 1315 1153 1376 consuetudine

220 1407 366 1486 episcopo
379 1407 412 1466 in
421 1406 651 1485 pontificalibus
670 1406 839 1467 celebranti
850 1410 997 1468 tenentur
1006 1407 1151 1468 canonici

220 1499 378 1560 deservire
388 1516 446 1576 pro
459 1498 592 1559 diacono
609 1502 640 1559 et
654 1499 856 1560 subdiacono.
876 1499 1012 1579 (Aduleo.
1031 1499 1136 1578 1582.)

140 1637 145 1644 .
259 1590 390 1668 Insuper
404 1590 551 1669 episcopo
566 1588 694 1650 missam
707 1591 920 1668 pontificalem
936 1594 968 1652 et
991 1591 1053 1652 alia
1070 1611 1153 1671 pon-

219 1680 346 1744 tificalia
360 1680 530 1742 celebranti
544 1685 632 1742 extra
647 1681 818 1760 civitatem,
833 1683 927 1744 etiam
942 1687 1029 1745 extra
1044 1684 1152 1746 cathe-

220 1773 339 1833 dralem
351 1772 525 1850 ecclesiam,
534 1775 636 1834 teneri
645 1774 774 1835 eosdem
787 1773 931 1836 assistere
945 1775 1149 1854 etinservire,

220 1865 272 1946 qui
288 1865 389 1927 solent
404 1865 507 1926 eidem
521 1867 678 1928 exercenti
693 1866 885 1946 pontificalia
897 1868 930 1928 in
951 1867 1123 1928 cathedrali
1138 1913 1148 1945 ,

220 1958 398 2020 resolvitur.
417 1956 520 2038 (lbid.)

259 2054 328 2112 Non
340 2050 461 2130 quoties
470 2051 634 2131 episcopus
648 2051 688 2112 ad
697 2051 861 2113 eeclesiam
871 2053 1002 2131 accedit,
1013 2053 1152 2133 dignita-

217 2145 265 2204 tes
278 2145 309 2203 et
323 2142 465 2205 canonici
485 2162 558 2205 eum
570 2162 607 2203 ex
620 2144 735 2222 palatio
748 2145 891 2223 excipere
905 2148 936 2207 et
946 2146 1095 2208 comitare
1110 2165 1150 2207 ao

218 2235 369 2298 reducere
381 2238 543 2313 tenentur,
565 2235 665 2297 sedin
683 2235 874 2297 solemnibus
887 2240 1010 2298 tantum
1023 2238 1147 2316 dicbus,

220 2328 346 2409 quando
361 2328 403 2389 ad
418 2329 580 2390 ecclesiam
599 2336 788 2408 cum'cappa
801 2328 841 2388 ad
856 2330 1078 2391 celebrandum
1097 2333 1150 2393 vel

220 2418 411 2499 pontificalia
417 2422 626 2482 exercendum
632 2420 814 2500 accedit.(S.
826 2421 859 2483 C.
868 2421 932 2482 aa.
940 2422 1148 2502 aejcllaar.)

259 2511 412 2590 Episcopo
427 2531 501 2573 vero
511 2513 657 2593 priuatim
671 2512 828 2590 venienti,
846 2514 878 2574 id
893 2518 940 2576 est
956 2516 1017 2576 sine
1031 2535 1146 2596 cappro,

218 2602 357 2662 nonnulli
373 2621 410 2662 ex
424 2602 627 2683 dignitatibus
642 2607 674 2666 et
688 2605 846 2666 canonicis
860 2606 901 2666 ad
918 2606 1034 2668 ostium
1048 2608 1149 2668 eccle-

219 2693 272 2754 siae
288 2711 470 2772 ocourrere,
487 2703 517 2758 et
531 2696 563 2757 in
579 2697 683 2758 reditu
699 2696 842 2758 similiter
856 2717 954 2778 usque
977 2699 1017 2760 ad
1033 2700 1149 2761 ostium

1265 367 1267 456 l

220 2785 754 2866 eeclesiaeipsumoomitaredebent.
765 2789 810 2868 (S.
821 2788 1032 2872 Cstz'taaeq.
1044 2792 1146 2872 1663.)
1264 2773 1265 2790 ¹

261 2880 392 2952 Quando
410 2881 584 2960 episcopus
602 2881 690 2942 finita
704 2878 809 2960 missa,
826 2886 872 2944 est
887 2883 927 2944 ab
942 2884 1073 2944 eeclesia
1084 2885 1149 2944 dis·
1262 2879 1265 2914 ³

220 2989 382 3049 cessurus,
410 2974 563 3053 tantisper
585 2974 771 3035 cessandum
796 2979 843 3036 est
866 2994 884 3034 a
908 2977 1036 3055 reliquis
1061 2977 1147 3063 boris

220 3063 442 3139 decantandis,
466 3085 628 3147 quousque
644 3067 831 3146 capitulares
846 3067 1013 3130 abeuntem
1029 3069 1147 3149 episeo-

219 3173 296 3234 pum
310 3155 460 3218 reducere
474 3159 603 3236 possint.
621 3159 668 3238 (S.
687 3159 721 3221 C.
741 3159 805 3220 ait.
825 3161 861 3218 19
876 3161 966 3239 april.
984 3160 1085 3240 1698.)

260 3247 382 3308 'Pamin
397 3250 602 3313 associatione
617 3250 754 3329 episcopi
775 3268 870 3328 quam
893 3251 926 3313 in
949 3253 1147 3330 processione

221 3336 352 3398 debetur
363 3337 574 3418 praecedentia
588 3347 619 3404 et
630 3344 716 3404 loeus
731 3341 856 3421 dignior
879 3363 978 3423 prope
999 3346 1146 3426 episcopo

220 3428 378 3498 canonicis
393 3434 534 3500 cathedr.
554 3434 645 3516 (Eud.
664 3432 755 3516 Cone.
773 3436 808 3499 21
821 3434 891 3518 jan.
909 3436 1011 3520 1711.)
