2578 4012
383 267 421 314 ou
442 268 632 328 ursmarum
653 271 844 320 cumessam.
1019 254 1077 315 235

150 414 220 478 cirli
234 413 302 495 ejus
315 413 475 478 mandato.
489 415 631 484 vicarius
650 421 756 480 autem
775 415 956 498 capitularis
974 415 1080 478 statIm

151 525 188 568 ae
200 510 249 568 est
258 507 395 586 legitime
415 508 541 586 electus,
558 513 658 572 totam
675 509 930 590 jurisdictionem
952 507 1080 586 capituli

151 618 297 662 exercere
309 604 413 678 potest
421 601 539 682 absque
552 603 680 680 speciali
691 603 759 684 ejus
771 604 919 665 mandato
931 649 939 680 ,
951 619 1081 682 praeser-

151 693 209 754 tim
224 694 278 754 ubi
288 693 358 755 talis
371 693 456 772 viget
470 695 575 773 praxis
589 699 621 758 et
635 697 839 758 consuetudo.

193 785 334 866 Septima
365 787 542 849 differentia
569 793 616 852 est
642 790 727 868 quod
759 788 867 850 vicarii
902 787 1082 868 capitularis

148 877 323 960 jurisdictio
337 880 445 958 incipit
457 885 525 958 post
541 888 675 944 mortem
693 883 869 943 naturalem
890 885 944 943 aut
959 880 1082 942 civilem

154 971 304 1052 episcopi.
337 974 474 1034 Eoontra
494 977 599 1036 autem
613 974 721 1035 vicarii
737 974 892 1055 generalis
907 972 1082 1054 jurisdictio

151 1083 209 1146 per
222 1068 356 1126 mortem
370 1067 546 1128 naturalem
561 1070 615 1128 aut
627 1067 749 1128 civilem
765 1067 903 1147 episcopi
921 1067 1038 1128 finitur.

192 1159 309 1220 Octava
319 1157 496 1220 differentia
515 1162 562 1220 est
577 1159 1082 1240 quodvicariuscapilulariscon-

151 1249 254 1313 tinuat
267 1269 355 1314 suam
375 1251 627 1331 jurisdictionem
645 1253 821 1332 usquedum
846 1271 946 1314 novus
962 1251 1082 1330 episco-

152 1361 210 1420 pus
224 1342 328 1420 capiat
340 1343 459 1404 realem
470 1344 699 1442 possessIorqem
714 1345 922 1424 episcopatus
939 1342 1081 1407 vicarius

153 1453 227 1496 vero
251 1436 405 1514 generalis
424 1455 487 1498 uon
506 1436 667 1498 continuet
690 1456 760 1498 eam
784 1437 961 1518 usquedum
982 1453 1081 1498 novus

153 1527 317 1607 episcopus
333 1529 564 1608 caplatdictam
578 1529 808 1608 possessionem
828 1531 946 1590 realem
966 1529 1082 1608 episco-

152 1624 255 1701 patus,
283 1622 338 1682 sed
360 1623 461 1683 solum
485 1623 662 1704 usquedum
686 1623 849 1684 translatio
877 1621 1014 1703 episcopi
1041 1621 1082 1682 ad

154 1713 247 1774 eliam
260 1714 425 1776 ecclesiam
439 1715 576 1783 admissa
590 1715 682 1777 estin
698 1713 881 1777 consistorio
901 1714 995 1777 etlam
1010 1716 1082 1776 ante

153 1809 277 1884 captam
289 1825 309 1868 a
323 1826 403 1870 novo
419 1809 566 1889 episcopo
576 1808 693 1869 realem
704 1809 902 1887 episcopatus
913 1806 1082 1885 possessio·

154 1917 237 1976 nem,
250 1902 284 1960 ut
298 1903 383 1980 putet
394 1919 432 1960 ex
444 1901 545 1964 dictis.

192 1993 280 2053 Noua
291 1992 465 2054 differentia
485 2000 532 2055 est
547 1994 631 2076 quod
646 1994 781 2056 vicarius
798 1991 989 2071 capItularIs,
1002 1991 1029 2052 si
1044 1990 1084 2052 sil

153 2084 332 2163 canonicus,
348 2087 488 2148 lucratur
503 2087 623 2150 fruetus
646 2090 678 2148 et
698 2085 944 2162 distributiones
962 2081 1083 2145 etiamsi

154 2176 250 2240 choro
263 2196 326 2239 nou
340 2179 472 2256 intersit,
485 2179 510 2240 si
524 2179 564 2240 ad
578 2180 611 2240 id
623 2178 705 2240 adsit
716 2177 921 2240 consuetudo.
940 2173 1083 2240 vicarius

155 2272 260 2330 autem
270 2271 436 2348 generalis
444 2271 469 2331 si
480 2271 520 2334 sit
530 2271 708 2347 canonieus,
717 2270 926 2332 uonluoratur
935 2268 1084 2330 distribu-

154 2360 562 2441 tionesuisichorointersIt‚
571 2363 692 2425 etiamsi
701 2361 1081 2424 adidadsileonsuetudo.

195 2455 322 2516 Decima
350 2455 525 2518 differentia
553 2461 600 2518 est
630 2456 714 2536 quod
742 2454 877 2518 vicarius
904 2453 1085 2533 capitularis

156 2548 266 2627 nequit
280 2547 452 2610 concedere
469 2550 628 2611 licentiam
643 2549 782 2629 erigendi
797 2566 880 2610 nova
895 2546 1086 2628 monasterIa
1123 2587 1131 2608 .

156 2645 187 2700 et
201 2644 383 2704 conventus.
405 2642 547 2703 Vicarius
562 2645 668 2704 eutem
689 2643 844 2721 generalis
867 2659 940 2703 cum
958 2639 1085 2721 speciali

157 2733 305 2796 mandato
329 2734 466 2813 episcopi
489 2735 521 2795 id
536 2738 648 2813 potest.
667 2736 778 2806 Quoad
800 2735 861 2797 hoc
883 2738 990 2796 tamen
1013 2735 1087 2793 suut

157 2823 251 2888 hodie
271 2826 475 2888 observanda
490 2827 648 2888 nonnullae
660 2827 849 2890 recentiores
868 2824 1087 2906 dispositiones

158 2919 349 3001 apostolicae.

197 3013 370 3076 Undecima
387 3012 563 3075 differentia
582 3019 629 3074 est
648 3013 733 3094 quod
754 3012 892 3074 vicarius
912 3011 1084 3092 generalis,

157 3105 244 3167 finito
260 3106 361 3168 officio
376 3106 554 3183 vicariatus,
572 3124 635 3167 non
654 3109 779 3168 tenetur
800 3109 882 3167 stare
898 3103 1086 3184 syndicatui,

158 3201 193 3260 ut
206 3216 353 3276 expressa
367 3200 561 3261 declaratum
583 3200 673 3261 suits
693 3199 842 3279 Gregorio
858 3200 947 3276 XIII,
964 3199 996 3258 in
1012 3215 1089 3277 qua-

160 3291 233 3354 dam
243 3291 462 3356 constitutione
471 3293 591 3355 directa
603 3294 686 3357 clero
697 3298 729 3356 et
742 3291 958 3355 communitati
973 3293 1089 3352 'Ioren-

159 3384 230 3461 tin.,
243 3383 475 3464 cujuspraeeisa
489 3387 588 3449 verbo
605 3387 702 3450 refert
715 3387 854 3449 Barboso
871 3407 885 3443 u
896 3430 998 3448 ........
1018 3406 1032 3443 u
1050 3385 1090 3446 llt

161 3476 239 3542 ratio
253 3481 300 3540 est
313 3477 388 3558 quin
401 3479 426 3540 si
440 3479 499 3559 ipsi
514 3481 697 3560 erraverint,
714 3479 852 3561 episcopi
868 3479 972 3548 statim
986 3475 1089 3559 provi-
