2584 4022
544 323 583 374 ou
605 321 743 373 ruamus
1066 309 1103 381 ³t

175 468 232 531 reli
247 468 351 530 valide
365 485 458 533 nemo
473 467 654 532 renuntiare
675 467 791 550 possit,
807 484 879 532 cum
895 467 948 549 jus
961 468 1105 536 naturale

175 581 238 626 uon
252 562 410 641 privatum
418 563 553 638 tantum,
564 560 620 622 sed
630 559 791 639 publicum
803 563 923 642 spectet
937 582 944 623 :
962 561 1105 642 quemvis

176 656 260 716 enim
274 655 453 717 renuntiare
470 654 539 735 quis
551 653 659 733 possit,
682 656 718 716 ut
738 654 823 734 quod
837 654 1025 718 decernente
1033 653 1105 736 jure

175 747 330 829 positivo,
353 765 390 810 ex
410 746 482 828 jure
498 746 631 809 naturali
653 747 807 828 consequi¹
822 751 946 826 posset,
972 746 1106 810 heredi·

174 840 242 918 teti,
259 860 289 902 v.
306 859 357 920 g.,
375 857 445 920 quae
464 839 522 921 ipsi
533 838 605 920 jure
620 839 800 919 sanguinis,
818 843 848 902 et
863 838 1038 920 agnationis
1053 839 1106 902 de·

174 933 284 1010 fertur,
298 949 360 1014 quo
374 933 479 994 minus
494 935 600 996 tamen
615 931 656 994 sit
669 932 821 1012 sanguine
833 931 972 1013 junctus,
992 950 1106 994 renuu-

174 1027 254 1091 tiars
268 1045 331 1088 non
344 1028 457 1107 potest.

215 1119 374 1196 Secundo,
387 1117 520 1180 infertur
534 1117 620 1197 quod
633 1135 726 1180 nemo
739 1118 919 1183 renuntiare
931 1122 1035 1199 potest
1042 1117 1106 1200 juri

176 1211 281 1274 divino
296 1210 501 1292 praecipienti,
514 1213 570 1272 out
583 1209 761 1290 prohibenti
773 1209 903 1290 aliquid,
918 1231 991 1274 cum
1004 1210 1107 1293 nequis
1142 1246 1144 1251 ·

176 1303 236 1366 hoc
250 1307 454 1385 preceptum,
469 1306 524 1364 aut
536 1303 608 1365 tslis
617 1302 786 1382 prohibitio
799 1303 957 1384 privatum
969 1307 1103 1382 tantum,

174 1397 230 1458 scd
244 1396 405 1477 publicum
419 1397 548 1475 spectet.

167 1481 168 1484 ’
214 1489 340 1566 Tertio,
356 1488 488 1550 infertur
504 1486 589 1568 quod
608 1486 672 1567 juri
686 1486 820 1568 positivo
835 1488 993 1566 humano,
1023 1489 1105 1550 civili

175 1586 207 1645 et
219 1581 428 1644 ecclesiastico
444 1580 575 1642 subinde
588 1580 762 1644 renuntiari
777 1582 887 1662 possit,
900 1581 1033 1644 subinde
1043 1600 1107 1645 non

174 1675 287 1754 possit;
309 1678 340 1736 et
356 1675 456 1753 primo
478 1673 606 1754 quidem
620 1673 646 1734 si
657 1673 710 1754 jus
725 1674 899 1737 humanum
913 1678 1033 1738 certam
1044 1676 1108 1738 ior-

50 1793 53 1798 ·
174 1786 278 1845 mam,
296 1770 327 1828 et
346 1766 583 1829 substantialem
600 1766 846 1846 solemnitatem,
862 1768 895 1828 in
915 1771 989 1830 actu
1001 1768 1107 1849 aliquo

174 1860 351 1922 necessario
375 1859 624 1935 observandam,
647 1860 850 1939 praescribat,
875 1860 1048 1924 renuntiari
1062 1861 1107 1924 illi

19 1949 55 2019 Γ·
174 1971 238 2014 non
253 1955 372 2032 potest,
395 1970 467 2014 oum
479 1949 639 2030 publicum
653 1951 772 2014 bonum
786 1952 818 2014 in
836 1953 897 2016 heo
908 1953 1010 2016 forma
1028 1971 1108 2034 pree-

171 2045 336 2108 scribendo
351 2045 552 2117 observetur;
569 2047 601 2105 et
614 2045 802 2124 universim,
820 2046 935 2126 siquid
954 2049 1107 2109 statutum

21 2156 46 2226 ²„
174 2137 214 2200 sit
226 2139 266 2214 ob
279 2137 439 2217 publicum
452 2137 610 2214 favorem,
631 2157 687 2199 seu
701 2139 879 2216 utilitatem,
893 2139 1017 2220 private
1031 2157 1108 2202 con-

176 2231 324 2294 ventione
338 2229 512 2292 renuntiari
526 2229 570 2290 illi
585 2248 648 2293 non
664 2233 777 2310 potest,
791 2250 865 2294 cum
876 2232 995 2294 bonum
1007 2231 1108 2310 publi-

173 2342 245 2385 cum
257 2323 371 2385 mutari
385 2340 448 2385 non
464 2322 563 2401 possit
573 2322 767 2399 privatorum
781 2323 891 2402 pactis.
907 2325 1064 2401 Secundo,
1079 2325 1105 2386 si

161 2471 163 2477 .
170 2416 223 2497 jus
249 2415 422 2477 humanum
447 2413 660 2476 introductum
687 2413 728 2476 sit
752 2414 784 2478 in
806 2413 943 2494 plurium
964 2414 1106 2477 favorem

174 2526 264 2588 reque
273 2507 499 2587 principaliter,
513 2502 577 2567 uon
588 2509 693 2586 potest
700 2525 781 2568 unus
791 2507 857 2568 sine
867 2524 1021 2570 consensu
1033 2507 1106 2569 alio·

174 2619 260 2677 rum,
283 2605 316 2662 et
328 2619 400 2662 cum
420 2618 529 2662 eorum
542 2598 726 2680 prejudicio
751 2599 951 2677 renuntiare,
977 2599 1004 2662 si
1020 2618 1107 2662 com-

173 2693 303 2754 modum
317 2691 525 2755 renuntiantis
540 2692 797 2773 sitinseparabile
811 2693 1016 2756 acommodis
1031 2693 1108 2754 alio-

173 2803 261 2858 rum3
279 2784 353 2864 quia
366 2785 451 2865 quod
467 2803 576 2848 omnes
588 2786 701 2865 tangit,
719 2787 759 2849 ab
774 2787 920 2849 omuibus
935 2785 1106 2865 approbari
1134 2859 1137 2866 Ι

173 2877 276 2955 debet,
287 2877 378 2957 juxta
392 2877 493 2957 regul.
507 2881 558 2955 29,
572 2877 604 2938 in
618 2881 648 2940 6.

213 2970 245 3031 Si
260 2988 334 3032 vero
348 2988 405 3049 pro
415 2969 539 3048 private
552 2973 676 3032 tantum
691 2987 837 3048 persona,
856 2975 888 3034 ot
899 2971 931 3031 iu
946 2971 1105 3049 privatum

171 3066 294 3125 tantum
319 3062 520 3124 commodum
540 3062 759 3141 privilegium,
785 3063 873 3124 verb.
899 3080 950 3140 g.‚
977 3060 1105 3139 aliquod

174 3154 388 3234 principaliter
395 3155 487 3216 alicui
496 3172 679 3216 concessum
686 3153 736 3230 sit,
745 3157 848 3232 potest
857 3152 900 3215 illi
910 3151 1102 3229 renuntiare,

174 3246 223 3308 cui
236 3247 325 3318 favor
339 3246 390 3308 hio
402 3247 542 3327 privatus
556 3247 657 3309 factus
673 3249 730 3323 est,
747 3245 806 3306 nisi
828 3244 1029 3327 privilegium
1043 3246 1105 3309 telo

173 3357 358 3403 eoncessum
373 3340 482 3402 fuisset
496 3340 536 3402 ob
550 3337 797 3402 imbecillitatem
811 3338 924 3415 stetis,
941 3342 996 3402 aut
1014 3357 1104 3420 aeque

173 3433 388 3512 principaliter
401 3433 601 3514 privilegium
614 3433 676 3495 tale
691 3432 723 3494 in
737 3433 878 3494 fororem
899 3431 1010 3514 hujus,
1026 3430 1103 3494 etin

175 3524 282 3586 odium
298 3525 426 3588 alterins
438 3543 623 3590 eoncessum
637 3525 821 3603 fuisset,aut
831 3523 1020 3588 renuntiatio
1033 3522 1104 3586 talis
