2586 4020
200 281 259 341 lot
418 293 647 344 nasammonas
667 297 751 344 sums
773 295 928 344 canorum.

199 437 365 501 societates
379 457 442 501 non
456 439 677 502 determinavit
688 459 746 501 neo
760 440 884 504 illorum
900 458 1052 519 munera,
1074 459 1139 503 nee

199 532 342 594 formum.

239 628 354 688 Contra
366 644 442 688 vero
455 625 589 688 instituit
598 630 680 690 Deus
694 626 868 690 Ecclesiam
880 633 915 688 ut
926 628 1022 692 talem
1037 629 1140 690 socie·

200 724 297 782 tatem
310 718 341 778 in
353 721 616 797 concreto,unam
627 739 769 799 numero,
780 720 1018 782 determinatam
1032 725 1066 784 ut
1075 723 1134 801 sic,

200 812 407 874 determinata
425 813 526 874 forma
546 814 728 892 regiminis,
757 814 964 876 determinato
991 814 1135 894 subjecto

197 905 444 986 jurisdictionis,
473 906 682 970 determinata
709 912 861 987 perpetua
888 916 920 970 et
947 908 1136 971 immutabili

199 999 281 1060 illius
297 999 474 1061 duratione.
493 1001 581 1062 Sicut
602 1001 741 1062 humana
764 1003 847 1062 facta
864 1002 941 1062 nihil
957 1002 1138 1064 habuerunt

199 1095 235 1153 ut
247 1109 318 1152 eam
330 1091 586 1171 determinarent,
599 1094 655 1155 sed
669 1101 814 1156 naturam
827 1094 937 1157 habuit
946 1096 978 1155 in
988 1098 1136 1156 concreto

200 1185 241 1245 ab
256 1183 324 1264 ipso
340 1187 404 1246 Deo
418 1184 595 1247 institutore
611 1187 738 1248 omnino
751 1187 992 1250 determinatam
1004 1190 1035 1248 et
1048 1188 1136 1249 inva-

199 1277 363 1354 riabilem,
384 1277 429 1338 ita
449 1279 699 1358 independenter
717 1299 737 1341 a
760 1281 870 1360 quovis
888 1281 971 1342 facto
995 1279 1134 1342 humano

200 1371 312 1433 eadem
327 1371 478 1433 subsistit.
501 1373 540 1433 Et
549 1373 600 1434 vel
615 1374 726 1434 eadem
739 1393 802 1436 una
815 1374 869 1435 illa
881 1380 928 1435 est
940 1375 971 1434 in
987 1381 1133 1436 concreto

199 1465 244 1526 sio
258 1465 468 1526 determinata
489 1468 520 1527 et
538 1465 697 1542 instituta,
721 1473 752 1528 et
768 1473 843 1528 tunc
856 1466 996 1528 Ecclesia
1019 1467 1133 1529 Christi

200 1564 267 1633 est,
285 1560 339 1618 aut
352 1558 397 1618 sio
409 1575 472 1639 nou
487 1562 545 1635 est,
561 1563 676 1621 ettuuc
691 1578 752 1622 non
769 1563 816 1621 est
829 1560 986 1636 Ecclesia,
1001 1559 1060 1620 sed
1072 1559 1135 1621 alia

200 1650 327 1712 omnino
340 1650 472 1712 societas
489 1669 558 1731 quae
571 1652 718 1714 Ecclesiae
732 1653 858 1714 nomine
869 1671 902 1714 se
913 1652 981 1733 jaut
1001 1655 1023 1714 t.

242 1745 311 1805 Non
323 1762 413 1804 secus
425 1743 496 1824 jure
519 1747 638 1806 naturae
660 1745 841 1808 immediate
862 1746 1004 1808 instituta
1017 1745 1069 1807 ¹est
1086 1763 1135 1806 so-

202 1837 299 1900 cietas
310 1837 484 1916 conjugalis
500 1841 531 1899 et
545 1837 727 1920 domestica,
741 1857 810 1920 quae
823 1838 992 1919 fuit‘prima
1003 1838 1136 1900 societas

199 1929 343 2010 specialis
367 1929 399 1990 in
424 1949 486 2010 qua
508 1929 585 1992 situs
607 1935 654 1993 est
677 1932 771 1994 homo
795 1932 977 1994 immediate
1003 1930 1137 2011 abipsa

199 2027 322 2100 natura,
340 2026 371 2084 et
385 2040 491 2085 semen
506 2023 607 2086 extitit
615 2025 772 2104 generalis
783 2025 925 2086 omnium
936 2025 1134 2086 societatum.

200 2119 319 2178 Natura
334 2134 397 2177 non
412 2115 634 2180 determinavit
651 2118 751 2179 solum
776 2117 809 2177 in
828 2119 960 2198 genere3
981 2121 1012 2179 et
1031 2118 1064 2176 in
1081 2116 1135 2178 ab·

92 2287 96 2296 ,
199 2213 334 2286 structo,
351 2210 407 2270 sed
423 2209 569 2271 definitus
583 2210 641 2272 fuit
655 2209 737 2271 illius
752 2210 988 2291 propagationis
1003 2211 1133 2287 moduS,

198 2303 281 2365 illius
300 2303 533 2382 aggregationis
553 2303 895 2384 membra,‘regiminis
912 2305 1032 2381 forma,
1052 2302 1136 2383 regi-

198 2397 291 2457 minis
305 2395 483 2476 subjectum
494 2400 525 2458 et
537 2415 645 2457 omnes
661 2397 847 2474 relationes,
863 2400 899 2459 ut
911 2397 936 2458 si
949 2397 1017 2458 haec
1030 2395 1134 2458 omnia

199 2489 243 2551 sie
255 2488 397 2550 instituta
411 2507 475 2549 non
489 2489 609 2565 adsint,
626 2507 688 2550 non
711 2495 758 2550 est
774 2490 908 2569 amplius
922 2490 1058 2568 familia,
1079 2507 1135 2550 seu

197 2579 252 2640 illa
266 2580 399 2641 societas
413 2580 458 2640 sic
472 2599 491 2640 a
506 2587 619 2641 natura
633 2581 779 2644 ordinata
794 2586 824 2645 et
838 2582 990 2644 instituta.

237 2675 269 2734 3ο
279 2671 519 2752 Distinguuntur
530 2673 610 2755 βω
619 2692 694 2735 nam
706 2675 777 2736 finis
789 2678 918 2755 propter
928 2693 1020 2756 quem
1035 2675 1133 2737 homi-

197 2784 254 2828 nes
271 2765 456 2839 coaluerunt
478 2765 511 2825 in
535 2766 680 2845 politicas
698 2767 863 2829 societates
887 2772 934 2831 est
952 2767 1133 2848 temporalis

197 2859 355 2922 felicitas:
377 2859 590 2940 multiplicatis
613 2859 697 2921 enim
722 2859 887 2922 bominum
909 2861 1053 2939 familiis,
1082 2859 1132 2922 he

197 2952 332 3034 amplius
345 2970 436 3032 pares
449 2969 512 3012 non
525 2954 615 3013 eraut
627 2951 701 3014 huic
713 2953 779 3030 fini,
789 2953 844 3014 sed
855 2953 1031 3016 debuerunt
1042 2953 1133 3015 fami-

195 3047 246 3109 liae
259 3045 385 3108 familiis
395 3044 486 3126 jungi
502 3045 542 3106 ad
557 3045 652 3122 finem
667 3063 868 3108 communem
883 3050 918 3108 ut
926 3047 1044 3127 junctis
1058 3046 1132 3109 viri-

195 3141 254 3202 bus
278 3141 318 3202 ab
342 3138 588 3217 incursionibuS‚
615 3139 811 3220 catervisque
836 3141 927 3202 malis
949 3143 1078 3220 possent
1097 3159 1131 3201 se

136 3239 141 3253 ‘
194 3233 340 3295 liberare.
362 3232 438 3295 lude
461 3232 557 3294 variae
580 3232 707 3295 fuerunt
732 3235 972 3312 aggregationes
987 3234 1082 3297 variis
1098 3234 1130 3295 iu

174 3379 176 3384 .
195 3326 284 3388 locis.
556 3335 558 3340 ’
1001 3347 1004 3354 ’

234 3416 299 3479 Sed
313 3419 453 3480 Ecclesia
474 3439 545 3500 quae
564 3419 765 3500 prosequitur
776 3419 872 3482 finem
888 3419 1055 3500 ultimum,
1073 3439 1129 3482 seu

195 3511 292 3572 finem
315 3509 367 3589 qui
387 3511 451 3572 dux
474 3516 522 3574 est
540 3511 681 3574 omnium
706 3513 1038 3595 caeterorum‚estque
1056 3513 1128 3576 finis
