2586 4020
215 321 273 383 loo
442 331 674 382 rusmrurrouns
695 335 779 382 sarrs
800 334 954 384 carorum.
1287 387 1289 430 1

215 477 291 559 quin
312 475 411 558 possit
434 477 466 540 iu
489 497 585 541 causa
608 479 791 560 procedere,
813 477 914 541 donec
929 477 1110 542 inhibeatur
1130 498 1154 540 a

213 570 330 652 judice,
351 569 498 651 adquam
510 572 703 653 appellatum
713 572 781 650 fuit,
800 575 836 634 ut
849 591 887 634 ex
901 572 992 634 dictis
1006 574 1103 653 patet.

255 665 403 738 Quamvis
419 665 503 726 eirea
518 665 594 727 alias
610 683 720 726 causas
734 665 875 728 diversas
893 685 912 726 a
926 684 1023 728 causa
1039 665 1152 746 appel-

214 758 339 821 lationis
360 757 551 838 respcndere
574 761 734 836 teneatur,
765 759 819 839 qui
843 759 1014 840 appellavit
1040 777 1150 821 coram

212 851 225 933 j
230 851 319 913 udice
336 867 442 931 aqua,
459 850 485 911 si
500 869 608 914 eoram
621 852 881 930 eoccnveniatur,
891 852 1031 914 recusari
1040 855 1150 914 tamen

215 947 319 1026 potest
332 943 384 1006 hio
395 945 428 1004 in
443 944 557 1006 talibus
573 945 686 1021 causis,
702 945 956 1026 tanquamjudex
968 948 1146 1027 suspectus.

216 1037 313 1101 Sicuti
330 1037 413 1098 enim
436 1055 494 1115 per
508 1037 751 1117 appellationem
770 1057 833 1101 non
857 1038 1033 1101 eximitura
1051 1039 1151 1120 juris-

215 1130 352 1192 dictione
366 1129 414 1190 sui
430 1129 580 1192 ordinarii
592 1129 720 1212 judicis,
736 1132 795 1193 nisi
805 1132 837 1192 in
849 1151 886 1193 ea
899 1136 1023 1194 tantum
1037 1150 1147 1209 causa,

215 1223 300 1286 circa
313 1241 409 1303 quam
423 1223 602 1302 appellavit,
618 1223 662 1286 ita
676 1223 708 1284 in
723 1224 792 1286 aliis
805 1225 907 1287 causis
922 1225 1149 1305 obpericulum

216 1315 408 1398 gravaminis
422 1333 568 1377 recusare
584 1335 656 1378 eum
671 1321 774 1397 potest
784 1318 907 1399 (saltem
918 1317 957 1380 de
970 1317 1041 1398 jure
1053 1319 1151 1380 cano-

217 1410 299 1490 nico)
314 1413 423 1472 contre
435 1429 530 1491 quem
545 1412 724 1491 appellavit,
741 1415 772 1473 et
786 1411 831 1473 sic
845 1412 957 1474 merito
972 1410 1077 1472 minus
1091 1412 1150 1472 be-

216 1505 364 1566 nevolum
387 1503 497 1566 timere
521 1507 634 1582 potest.
658 1505 803 1583 Allegare
823 1507 941 1582 tamen,
965 1508 996 1566 et
1013 1505 1149 1585 probare

217 1598 268 1658 hie
282 1615 431 1658 recusans
444 1596 538 1658 debet
552 1614 658 1658 coram
672 1597 797 1659 arbitris
819 1597 978 1659 communi
994 1615 1149 1660 consensu

218 1688 340 1766 electis,
367 1706 429 1750 non
450 1692 574 1751 tantum
597 1690 683 1770 quod
709 1694 819 1752 contra
839 1691 937 1752 talem
956 1690 1097 1772 judicem
1115 1689 1149 1751 in

217 1783 278 1845 alia
293 1800 388 1844 causa
407 1781 475 1863 jam
498 1783 714 1862 appellaverit,
742 1783 799 1844 sed
820 1783 906 1864 quod
920 1783 960 1845 ab
981 1802 1018 1846 eo
1031 1783 1148 1865 injuste

217 1876 312 1938 fuerit
325 1880 485 1956 gravatus.
1127 1897 1130 1902 ·

260 1969 352 2033 Casus
362 1969 393 2030 ia
406 1969 509 2051 quidus
517 1987 576 2051 per
589 1970 814 2052 appellationem
827 1991 885 2033 noa
894 1970 1081 2054 suspenditur
1093 1969 1150 2052 ju-

218 2063 350 2126 rorterio
357 2062 471 2144 judicis
488 2083 507 2123 a
524 2082 591 2144 qao.
608 2063 712 2125 Primo
733 2067 836 2144 potest
851 2063 948 2145 judex
964 2083 984 2124 a
996 2081 1070 2144 quc,
1086 2081 1150 2125 non

219 2157 362 2221 obstante
377 2156 597 2236 appellatione,
614 2159 646 2218 et
659 2156 719 2218 hac
740 2157 845 2219 adhue
865 2157 1021 2237 pendente
1038 2175 1150 2235 proce-

218 2253 293 2314 dere
307 2251 340 2311 in
355 2269 460 2327 causa,
483 2250 562 2312 citra
576 2249 687 2312 vitium
704 2251 859 2327 attentati,
879 2250 1022 2312 iaciendo
1044 2249 1151 2312 omnia

218 2345 272 2407 illa
291 2362 361 2425 quae
376 2345 417 2406 ad
437 2343 610 2405 faciliorem
636 2343 746 2419 finem',
768 2361 824 2404 seu
845 2344 962 2404 exitum
977 2359 1079 2404 causae
1094 2360 1151 2421 ap-

219 2436 397 2517 pellationis
414 2437 605 2512 conducunt,
626 2436 721 2496 modo
736 2453 769 2496 se
784 2437 847 2496 non
860 2435 1035 2496 immisceat
1046 2453 1149 2498 causae

219 2529 448 2609 appellationis,
475 2529 513 2588 de
538 2528 608 2604 hac,
625 2547 656 2588 v.
679 2547 725 2607 g.,
744 2529 974 2608 cognoscendo,
994 2530 1053 2591 etc.
1071 2527 1150 2601 Quia

218 2639 276 2701 per
300 2619 543 2700 appellationem
561 2619 737 2700 jurisdictio
757 2621 921 2703 judicias
942 2640 1004 2702 quo
1022 2624 1151 2683 nonest

219 2713 365 2790 extinota,
381 2712 437 2773 sed
449 2730 603 2791 suspensa
616 2715 749 2793 tantum,
767 2714 872 2794 quoad
884 2733 1024 2792 causam,
1040 2714 1073 2776 in
1087 2732 1150 2794 qua

220 2811 266 2869 est
280 2806 482 2886 appellatum,
498 2805 541 2866 ita
555 2806 633 2867 ntde
645 2805 657 2887 j
662 2807 766 2869 ustitia
780 2807 862 2868 illius
877 2825 1067 2888 cognoscere
1086 2825 1150 2868 non

218 2900 339 2983 possit:
356 2900 499 2979 adeoque
523 2917 595 2960 cum
621 2897 736 2960 dicitur
760 2901 916 2980 pendente
940 2901 1150 2980 appellatione

220 2995 297 3056 nihil
319 2994 561 3070 immutandum,
600 2995 655 3054 aut
683 2993 909 3072 innovandum,
933 2997 992 3057 ete.
1016 2992 1150 3072 intelligi

219 3092 341 3151 tantum
356 3088 451 3150 debet
462 3085 633 3166 prohiberi,
650 3087 875 3167 nequidquam
889 3087 1081 3164 immutetur,
1097 3092 1152 3147 aut

219 3183 386 3244 innovetur
411 3181 444 3241 in
465 3179 683 3262 praejudicium
709 3179 945 3261 appellationis,
966 3197 1030 3241 non
1044 3185 1150 3241 autem

222 3275 307 3360 quod
330 3274 556 3355 prohibeantur
570 3291 615 3334 eae
631 3290 701 3352 quae
718 3273 751 3333 in
765 3274 906 3336 favorem
920 3273 1148 3353 appellationis,

209 3369 252 3452 et
265 3368 437 3428 faciliorem
453 3366 520 3447 ejus
534 3366 652 3428 exitum
666 3365 803 3445 ajudioe
816 3384 834 3427 a
848 3385 911 3446 quo
924 3369 1014 3429 liunt.

260 3459 404 3520 Secundo
419 3462 523 3537 potest
539 3459 638 3539 judex
651 3458 828 3520 ordinarius
842 3479 925 3538 eum,
942 3460 995 3540 qni
1010 3459 1152 3540 appella·

220 3551 276 3628 rit,
291 3568 355 3612 non
375 3550 519 3612 obstante
542 3548 762 3628 appellatione,
787 3553 819 3614 et
832 3551 892 3616 hac
909 3552 1078 3631 pendente,
1091 3571 1152 3634 pu·
1282 3581 1283 3586 1
