2586 4020
188 230 246 294 m
395 247 624 309 rpsrrrnrrorns
644 251 728 299 rous
749 248 905 298 cruorum.

187 389 212 450 si
222 389 377 450 bonafide
391 393 527 471 possessi
538 397 630 472 sunt,
644 392 842 474 nequeenim
856 394 966 472 partus
980 391 1027 454 rei
1048 392 1115 455 fur-

187 482 272 560 tiva,
287 486 322 544 ut
332 483 440 562 aitlex,
457 490 506 548 est
520 505 592 566 pars
604 487 650 550 rei
664 487 799 548 furtiva.

224 576 326 637 Tertio
337 595 387 638 res
399 597 469 657 quae
484 583 557 641 sunt
570 597 665 641 merae
679 579 857 655 facultatis,
875 596 930 639 seu
944 577 1065 654 libera,
1083 579 1114 638 et

183 668 327 748 gratuita
341 671 509 733 voluntatis
529 673 689 750 praescribi
707 690 770 734 non
796 671 944 750 possunt,
973 670 1046 749 quia
1076 687 1114 732 ex

184 762 449 839 talibusactibus,
472 765 524 844 qui
540 764 699 826 liberrime
714 766 884 844 ponuntur,
907 763 994 824 nulla
1012 765 1114 841 potest

184 853 289 916 induci
302 855 464 936 obligatio,
481 876 553 918 cum
566 859 686 920 nullam
699 858 888 932 contineant,
903 855 962 916 nisi
973 854 1113 934 prohibi-

183 947 271 1023 tioni,
284 966 314 1009 v.
326 966 371 1026 g.,
386 948 575 1029 interposita
588 950 781 1031 acquieverit
794 967 866 1011 cum
880 947 1042 1029 patientia,
1058 947 1112 1027 qni

184 1043 272 1100 actus
282 1041 362 1100 tales
376 1059 471 1102 merae
481 1042 637 1104 facultatis
648 1041 796 1103 exercuit.

224 1132 460 1205 Quartolimitcs
469 1153 525 1194 seu
535 1134 612 1195 fines
620 1135 864 1214 provinciarum,
872 1133 1111 1215 episcopatuum

182 1245 220 1288 aa
234 1225 467 1308 parochiarum,
485 1230 557 1305 etc,
572 1230 604 1289 et
616 1245 685 1308 quae
701 1226 881 1308 hujusmodi
892 1225 1043 1286 limitibus
1059 1243 1111 1286 co·
1218 1235 1226 1256 ·

182 1319 319 1396 haerent,
344 1319 504 1398 prescribi
526 1338 589 1381 non
610 1324 758 1399 possunt,
790 1319 960 1380 dummodo
991 1319 1111 1380 constet

181 1413 260 1474 tales
272 1413 349 1472 fines
364 1412 459 1473 fuisse
476 1413 616 1492 legitima
628 1412 812 1475 auctoritate
827 1410 955 1492 positos,
972 1428 1012 1470 ne
1036 1427 1111 1470 con-

181 1504 363 1580 fundantur,
378 1503 458 1580 soil,
474 1504 598 1564 termini
618 1506 659 1565 ad
674 1503 889 1566 confusionem
908 1501 1110 1564 devitandam

181 1597 284 1676 positi,
298 1598 329 1656 et
343 1596 487 1675 quamvis
496 1597 576 1656 fines
590 1615 738 1676 agrorum
751 1597 793 1658 ad
803 1596 961 1672 ecclesiae,
973 1612 1003 1655 v.
1012 1596 1107 1672 grat,

181 1687 390 1768 spectantium
415 1688 575 1766 prescribi
600 1690 739 1770 possint,
760 1689 865 1770 quoad
885 1688 1109 1769 proprietatem

180 1785 212 1842 et
226 1781 410 1857 dominium,
425 1784 602 1843 nontamen
614 1782 771 1860 praescribi
784 1783 914 1861 possunt
929 1827 938 1858 ,
952 1782 1109 1860 quatenus

179 1878 255 1934 sunt
268 1875 346 1933 fines
357 1871 515 1935 constituti
529 1880 687 1935 certmnm
696 1874 904 1936 districtuum.

220 1968 335 2028 Contra
350 1983 387 2025 ea
410 1983 480 2044 qua
494 1966 626 2046 principi
639 1966 793 2029 debentur
816 1967 848 2027 in
862 1964 1109 2045 recognitionem

180 2057 317 2136 supremi
332 2057 535 2137 principatus,
549 2059 773 2122 etuniversalis
784 2058 924 2136 dominii,
940 2077 976 2118 ac
988 2054 1108 2136 subjec-

178 2150 273 2211 tionis
288 2151 318 2210 ei
328 2149 453 2228 debita,
468 2169 531 2212 non
543 2155 671 2231 potesta
686 2150 1020 2230 subditis,quatalibus
1030 2166 1108 2228 praa-

179 2243 392 2305 scribi.Potest
405 2247 511 2304 tamen
526 2262 545 2304 a
559 2243 690 2305 subditis
704 2244 865 2323 praescribi
876 2261 913 2306 ea
923 2241 1077 2322 exemptio
1089 2259 1108 2302 a

177 2337 302 2399 tributis
317 2343 348 2398 ct
361 2337 525 2414 censibus,
541 2356 610 2418 qnae
624 2382 632 2414 ‚
647 2355 709 2398 non
727 2336 759 2398 in
779 2335 1027 2415 recognitionem
1055 2352 1108 2394 su·

177 2446 295 2506 premar
310 2428 494 2509 majestatis,
512 2429 613 2489 sedin
628 2429 817 2507 subsidium,
836 2429 875 2490 ob
890 2427 1108 2488 necessitatem

178 2519 316 2598 aliquam
336 2521 493 2597 publicam
510 2520 673 2582 solvuntur
693 2567 701 2598 ,
723 2540 794 2584 cum
814 2520 955 2583 subditus
976 2536 1106 2579 manens

177 2609 383 2674 subditasilla
395 2611 496 2673 solvat
507 2611 676 2690 insignum
690 2612 906 2693 subjectionis,
923 2630 986 2673 non
1001 2613 1107 2672 autem

177 2703 257 2780 hac,
275 2706 305 2764 et
323 2703 466 2783 quamvis
484 2703 642 2766 mediante
665 2705 899 2784 prascriptione
921 2724 959 2766 ex
981 2703 1105 2765 subdito

177 2796 245 2858 fieri
255 2796 353 2876 possit
362 2814 425 2857 non
438 2795 592 2873 subditus,
609 2799 641 2858 et
653 2799 883 2877 exemptionem
901 2796 1005 2860 atalis
1019 2795 1106 2875 prin-

174 2888 255 2969 cipis
281 2887 474 2969 subjectione
491 2889 714 2968 praescribere,
731 2895 825 2971 prout
847 2894 976 2973 recepta
1000 2888 1106 2968 praxis

177 2981 280 3060 docet,
297 2998 428 3044 manens
439 2987 545 3043 tamen
556 2982 699 3046 subditus
711 2984 751 3045 ad
772 3003 810 3046 ea
829 2982 1009 3062 obligatur,
1035 2997 1105 3061 quae

176 3074 218 3136 ad
235 3075 486 3156 superioritatem
498 3078 786 3157 recognoscendam
804 3076 1002 3139 conveniunt.

215 3168 314 3229 Immo
327 3187 385 3230 nec
400 3173 510 3232 contra
531 3169 745 3233 obedientiam
758 3169 942 3231 inferiorum
958 3167 1070 3247 praelat
1089 3197 1105 3210 -

175 3277 247 3321 rum
256 3261 403 3343 episcopi,
420 3283 451 3327 v.
459 3266 563 3345 g.,vel
573 3264 704 3346 legitimi
711 3263 839 3327 alterius
847 3259 1016 3344 superioris
1023 3276 1105 3338 prae-

176 3353 313 3416 scribere
328 3362 458 3437 possunt
471 3357 598 3422 subditi.
617 3361 724 3438 Neque
739 3355 823 3417 enim
849 3355 882 3417 in
907 3352 1103 3434 possessione

176 3463 241 3510 suae
255 3444 1100 3530 immunitatisestsubditus,quamdiumanetsubditus,
