2584 4022
548 253 585 300 ne
607 253 745 302 runicus.
1071 239 1109 302 lt

173 393 290 477 judicis
303 397 533 478 ecclesiastici);
551 402 583 461 et
597 398 623 460 si
638 398 798 479 depositus
813 397 1032 479 incorrigibilis
1041 397 1109 462 iue-

176 489 227 566 rit,
250 489 334 569 quod
355 491 396 552 sit
410 491 740 568 excommunicandus,
758 511 795 554 ao
814 496 973 566 crescente
992 491 1106 554 deinde

177 573 375 643 contumacia
391 583 703 646 anathematizandus
723 585 805 664 (cu-m
822 584 1019 646 solemnitate
1039 602 1108 647 ma-

173 673 268 754 iore),
283 676 315 734 et
328 675 355 735 si
368 676 504 737 necdum
517 677 693 756 resipuerit,
702 677 758 738 sed
770 676 1001 756 inprofundum
1010 677 1107 739 malo·

176 784 248 827 rum
269 766 406 845 venerit,
431 787 503 828 oum
523 769 662 830 Ecclesia
683 788 745 831 non
769 769 885 830 habeat
899 768 1000 844 ultra,
1022 768 1106 847 quod

176 859 281 935 faciat,
297 878 354 939 per
366 861 551 922 saeeularem
569 865 773 940 potestatem,
790 860 840 922 cui
854 860 983 922 realiter
994 860 1107 940 degra-

177 951 269 1012 datus
282 952 454 1014 tradendus
467 952 535 1030 erit,
548 958 732 1016 coerceatur
741 959 772 1017 et
786 953 944 1033 puniatur.

217 1048 332 1107 Putant
345 1045 473 1124 quidam
488 1045 596 1126 aliqui,
608 1047 740 1108 modum
750 1047 845 1123 hune,
857 1050 967 1109 contra
978 1046 1108 1110 clericos

177 1137 362 1200 criminosos
376 1156 439 1198 non
455 1157 589 1218 semper
608 1158 675 1200 esse
686 1139 934 1216 observandum,
948 1139 1004 1200 sad
1016 1129 1107 1217 pdsse

178 1230 328 1293 clericum
348 1230 451 1293 lacino
470 1249 578 1293 rosum
594 1231 626 1292 in
642 1231 833 1310 gravissimis
856 1231 977 1294 delictis
996 1231 1109 1311 depre-

178 1324 327 1399 hensum,
342 1323 443 1400 furtis,
460 1343 490 1386 v.
512 1343 558 1403 g„
583 1325 765 1404 sacrilegiis,
783 1324 969 1404 parricidiis,
985 1323 1108 1385 latroci-

178 1416 248 1493 niis,
265 1419 340 1494 etc,
353 1435 415 1477 non
427 1421 607 1497 exspectata
627 1417 910 1497 incorrigibilitate,
936 1416 1041 1479 statim
1055 1415 1108 1476 de·

178 1509 305 1588 gradari
316 1509 453 1582 realiter,
463 1509 582 1572 ettradi
591 1509 737 1590 potestati
748 1509 889 1572 saeeulari
899 1509 1104 1590 puniendum,

178 1601 305 1664 utbono
316 1601 452 1681 publico,
465 1603 580 1664 otcleri
590 1603 774 1666 reverentiae
790 1602 890 1682 magis
905 1601 1104 1664 consulatur:

177 1713 288 1762 verum
306 1694 357 1756 alii
372 1695 568 1756 communius
594 1700 625 1758 et
649 1695 841 1775 probabilius
863 1698 994 1776 putant,
1012 1694 1107 1758 etiam

178 1790 308 1866 propter
322 1787 462 1849 enormia
485 1789 614 1865 scelera,
637 1807 700 1850 non
720 1807 811 1868 posse
833 1787 982 1852 clericum
1002 1787 1107 1850 statim

176 1879 260 1940 tradi
270 1879 364 1941 ouriae
381 1880 522 1941 saeculari
537 1881 741 1959 puniendum,
755 1880 814 1942 nisi
827 1880 867 1944 sit
875 1879 1104 1960 incorrigibilis,

178 1975 234 2034 aut
254 1971 315 2032 nisi
334 1989 424 2032 casus
439 1972 479 2034 sit
505 1991 524 2033 a
542 1970 613 2052 jure
638 1977 806 2053 exceptus,
837 1992 899 2035 non
924 1977 1047 2036 tantum
1066 1971 1107 2034 ob

178 2067 298 2126 textum
306 2063 358 2126 cit.
370 2067 525 2144 capilum
534 2083 596 2126 non
604 2065 778 2126 ub-hominc
785 2065 1108 2147 generaliterloquen·

177 2159 252 2233 tem,
266 2157 322 2217 sed
332 2157 499 2220 obtextnm
511 2157 605 2220 etiam
620 2177 689 2237 cap.
705 2161 779 2220 Tua
791 2163 821 2234 6,
832 2159 871 2220 de
881 2177 985 2238 poena.
994 2157 1054 2222 Ubi
1064 2155 1110 2234 del,

18 2236 19 2240 ¹
117 2248 121 2254 ”
176 2248 349 2310 latrociniis
371 2252 402 2310 et
421 2249 518 2312 furtis·
534 2251 719 2329 qualificatis
739 2251 924 2312 elericorum
941 2248 1107 2329 puniendis
1150 2313 1151 2316 ,

177 2341 348 2420 respondet
358 2342 510 2418 Pontifex,
533 2342 734 2421 deponendos
749 2359 803 2402 eos
815 2359 883 2400 essa
898 2339 1104 2418 (verbaliter),

178 2437 210 2495 et
232 2434 272 2495 ed
287 2434 443 2514 agendam
465 2434 683 2514 poenitentiam
707 2433 739 2494 in
754 2430 978 2493 monasterium
1005 2430 1108 2492 detru-

179 2525 317 2603 dendos,
333 2528 383 2588 rel
401 2527 433 2588 in
448 2545 607 2588 carcerem
626 2525 876 2599 concludend0s3
899 2542 974 2605 ergo
995 2542 1053 2584 ucc
1067 2524 1107 2585 ob

178 2619 364 2698 gravissima
378 2620 492 2682 delicta
505 2619 672 2682 commissa
695 2620 800 2684 statim
821 2622 893 2682 sunt
911 2618 1037 2682 realiter
1053 2617 1109 2678 de-

178 2712 332 2791 gradandi
349 2759 356 2786 ,
377 2717 408 2776 et
421 2714 516 2776 curiae
533 2713 675 2775 saeculari
689 2712 845 2775 tradendi.

220 2807 299 2866 Sunt
312 2809 418 2883 autem
429 2808 461 2867 in
474 2807 545 2887 jure
560 2825 651 2868 casus
670 2806 765 2886 aliqui
786 2804 906 2885 excepti
922 2849 931 2882 ,
948 2802 1107 2884 inquibus

180 2898 206 2958 si
218 2897 406 2978 deliquerint
420 2900 536 2976 clerici,
551 2917 614 2960 non
629 2902 809 2978 exspectata
825 2896 1105 2977 incorrigibilitate,

179 2985 1106 3072 sacularicuriaepunienditradipossunt:crimenhearesis‚
1182 3061 1187 3080 s

179 3083 298 3144 crimen
308 3084 480 3146 falsationis
491 3084 667 3146 litterarum
680 3083 934 3160 apostolicarum,
952 3075 1109 3156 conspira-

178 3175 286 3254 tionis,
312 3195 368 3238 aeu
393 3177 578 3238 insidiarum
605 3174 929 3234 structarum¹oontra
946 3171 1109 3250 proprium

180 3264 372 3348 episcopum,
385 3269 502 3331 crimen
517 3265 670 3338 asaasinii,
680 3265 798 3326 crimen
814 3264 1109 3327 nefandumcontra

179 3365 343 3436 naturem3
361 3361 572 3424 non-ordinati
586 3359 617 3420 in
632 3356 821 3436 sacerdotes,
831 3358 864 3434 ¹si
880 3359 990 3422 missas
1001 3361 1108 3420 tamen

179 3453 306 3531 faciant,
319 3455 531 3518 confessiones
546 3451 713 3531 excipiant,
728 3455 786 3514 etc.
