2584 4022
203 363 244 424 68
411 370 640 421 1usr1rurrcnns
661 368 743 416 rums
765 368 920 416 circumi.

204 535 281 581 soua
294 515 435 597 publica,
452 535 491 578 ex
504 515 629 599 publico
646 513 764 592 obicio,
789 520 862 592 etc,
879 513 954 595 quin
969 514 1065 578 etiam
1077 534 1135 578 sua

204 611 411 673 instrumenta
428 627 502 672 reus
522 609 616 671 edere
635 607 730 670 debet
749 605 845 670 actori
867 606 1004 686 petenti,
1031 608 1056 669 si
1083 609 1135 670 hic

205 701 369 765 fundatam
383 721 472 765 suam
491 701 697 766 intentionem
712 700 842 778 babeat,
867 699 1135 763 circumstantiam

204 803 310 859 tamen
325 794 474 876 aliquam,
498 813 568 876 quae
590 793 770 870 intervenit,
787 793 911 872 ignoret
933 794 1016 873 (cum
1033 793 1066 855 in
1079 795 1135 856 tali

153 957 157 968 ,
205 909 280 953 cusu
295 907 357 951 non
367 891 516 968 petantur
529 887 736 950 instrumenta
746 886 787 946 ad
799 885 1013 966 principaliter
1031 887 1135 967 impu-

204 980 391 1064 gnandum),
408 981 458 1043 vel
474 980 499 1042 si
514 980 580 1059 ipse
595 999 667 1044 reus
677 979 741 1041 suis
751 979 783 1039 in
792 977 911 1059 judicio
920 977 1135 1042 instrumentis

205 1079 313 1139 contra
328 1079 467 1135 actorem
480 1075 602 1150 utatur,
620 1078 650 1134 et
670 1072 846 1134 necessaria
861 1072 927 1134 hac
942 1071 1003 1140 sint
1017 1073 1057 1134 ad
1081 1091 1134 1134 uc-

203 1174 306 1230 tcrem
320 1163 549 1242 instruendum,
566 1169 672 1226 utrum
685 1163 807 1245 litigare
821 1165 911 1241 velit,
929 1165 969 1226 ad
983 1161 1133 1243 replicem

204 1259 421 1337 formandam,
448 1265 530 1336 otu,
558 1257 609 1319 vel
631 1257 657 1318 si
679 1276 716 1318 ex
738 1256 864 1336 speciali
890 1257 1052 1338 privilegio
1080 1258 1133 1340 jus

205 1354 320 1416 babeat
332 1353 373 1414 ad
386 1351 523 1432 peteuda
537 1351 581 1414 rei
594 1351 815 1427 instrumenta,
828 1351 919 1431 quale
934 1351 1133 1430 privilegium

204 1449 299 1510 fiscus
312 1445 407 1508 habet
422 1445 546 1526 (saltem
557 1445 589 1505 in
601 1443 703 1506 causis
716 1443 881 1522 civilibus),
898 1442 1048 1523 ecclesiae,
1063 1443 1133 1505 hos-

204 1539 324 1621 pitalia,
340 1545 371 1600 et
385 1538 448 1599 alia
457 1538 526 1599 loca
535 1537 599 1617 pia,
611 1541 684 1615 etc,
698 1540 729 1598 et
739 1557 775 1597 ex
785 1536 938 1614 probabili
951 1555 1053 1598 causae
1064 1536 1132 1599 alia

204 1629 393 1692 favorabiles
404 1628 475 1708 (nisi
490 1626 646 1690 contraria
657 1628 762 1707 praxis
774 1627 927 1708 obsistat),
942 1646 1044 1690 ceusu
1059 1647 1134 1690 usu-

205 1739 314 1784 rarum
340 1720 625 1798 restituendarum,
661 1739 764 1781 causae
801 1719 1067 1800 matrimoniales,
1103 1725 1135 1785 et

206 1814 331 1898 quando
347 1813 450 1893 agitur
465 1814 504 1875 de
518 1813 618 1876 salute
632 1813 755 1875 anima.

245 1906 302 1980 Qui
319 1906 464 1968 autemin
474 1906 592 1988 judicio
606 1925 695 1968 suam
705 1905 909 1968 intentionem
920 1907 1012 1987 plene
1022 1907 1134 1987 proba-

204 2000 260 2077 vit,
278 2017 341 2060 nou
355 2002 457 2080 potest
470 1998 625 2078 compelli,
642 2004 677 2058 ut
686 1999 718 2059 id
732 1998 835 2078 ipsum
848 2000 942 2061 etiam
953 1999 1132 2082 juramento

206 2091 381 2170 confirmet,
398 2109 461 2152 nou
478 2092 621 2154 obstante
635 2092 792 2152 contraria
805 2093 1041 2170 cousuetudine,
1064 2109 1134 2173 quae

205 2204 268 2248 uon
280 2184 374 2263 valet,
393 2203 464 2247 oum
477 2184 509 2245 in
529 2185 583 2248 tali
598 2204 672 2246 casu
681 2185 896 2267 jurameutum
911 2186 1001 2247 fieret
1014 2187 1133 2266 absque

205 2280 269 2340 ulla
281 2296 386 2358 causa,
408 2277 492 2360 quod
506 2277 665 2356 illicitum,
681 2284 712 2339 et
729 2277 942 2340 irrationabile
963 2282 1025 2355 est,
1042 2278 1087 2340 ita
1099 2281 1135 2341 ut

207 2373 302 2434 etiam
316 2372 400 2434 licite
414 2371 512 2453 possit
523 2379 611 2436 actor
620 2371 835 2454 juramentum
841 2370 989 2453 Judiciale
1004 2370 1062 2432 sibi
1078 2371 1133 2432 de·

204 2466 303 2526 latum
318 2483 475 2542 recusare,
492 2465 517 2525 si
532 2465 737 2527 intentionem
758 2483 848 2525 suam
862 2465 953 2544 plene
965 2463 1130 2543 probavit,

206 2571 277 2615 cum
288 2554 503 2633 juramentum
517 2557 801 2618 hocadhiberiuon
816 2557 931 2619 debeat
943 2555 1005 2618 litis
1021 2555 1132 2619 decisa
1252 2567 1258 2578 ·
1282 2575 1283 2582 ¹

205 2662 311 2722 causa,
328 2643 384 2704 sed
394 2645 457 2705 litis
472 2646 665 2707 decidendae.

250 2739 289 2800 X.
316 2735 472 2814 Quomodo,
489 2738 603 2818 quaudo
617 2745 646 2798 et
670 2738 722 2798 not
733 2738 870 2819 faciendo
882 2741 921 2800 sit
929 2741 1084 2822 probatio,
1107 2751 1136 2801 et

204 2831 269 2912 quic
280 2829 320 2890 sit
332 2829 402 2912 finis
414 2827 507 2908 iilius,
525 2838 553 2890 et
572 2830 699 2912 effectus.
717 2831 798 2892 Fieri
814 2833 908 2894 debet
926 2834 1069 2913 probatio
1085 2853 1134 2895 se-

205 2923 343 2985 cuudum
352 2923 487 2984 formam
500 2922 607 3001 libelli,
623 2941 695 2984 cum
706 2925 883 2992 secundum
897 2925 983 2986 illam
996 2944 1133 3005 pronun-

204 3017 347 3080 tiandum
369 3017 427 3094 sit,
444 3023 475 3078 et
493 3021 720 3098 consequenter
734 3017 833 3098 judex
846 3019 1020 3080 secundum
1035 3019 1132 3080 libelli

204 3111 338 3172 formam
353 3109 462 3172 instrui
478 3111 586 3189 debet,
604 3115 635 3174 et
648 3110 766 3173 moveri
780 3131 788 3184 3
806 3114 838 3172 et
851 3111 924 3172 binc
939 3112 1024 3173 clara
1036 3114 1132 3173 etium

203 3201 297 3264 debet
307 3222 386 3281 esse,
400 3207 431 3267 et
443 3207 538 3282 certa,
551 3205 621 3266 etin
631 3203 802 3284 quaestione
815 3202 929 3284 speciei
942 3221 1004 3266 non
1017 3203 1132 3265 suflicit

203 3294 338 3373 probare
353 3315 463 3376 genus,
475 3298 531 3360 sed
544 3296 662 3376 species
676 3297 804 3376 probari
824 3297 935 3374 debet,
950 3296 1016 3358 sivo
1029 3297 1084 3358 fiat
1098 3295 1130 3357 in

203 3385 272 3448 loco
284 3387 406 3467 judicii,
423 3391 488 3452 sive
503 3393 601 3467 extra,
618 3389 671 3452 ubi
681 3389 779 3471 judex
795 3395 901 3468 testes,
916 3408 946 3452 v.
971 3410 1034 3472 gu,
1051 3390 1132 3454 roci·

204 3480 369 3559 pere-vult.

245 3572 401 3635 Facienda
415 3577 521 3638 autem
534 3579 581 3639 cst
598 3574 755 3642 ordinarie
770 3582 841 3658 post
853 3578 915 3642 litis
930 3577 1129 3643 contestatio-
