2586 4020
203 235 260 298 tce
419 243 648 298 sasnrumouss
668 247 751 294 rums
773 247 928 296 cauourcr.

201 393 319 456 nullam
332 395 437 474 potest
451 393 567 455 habere
577 393 962 467 Ecclesialimitatiouem
977 399 1087 455 contra
1097 391 1134 454 in

200 486 346 548 exercitio
358 487 405 548 sui
420 486 544 567 imperii
558 486 599 548 ad
610 505 761 566 personas
769 489 819 549 vel
833 506 883 549 res
899 486 1046 547 Ecclesiae
1065 505 1135 547 res·

200 578 368 660 tringitur,
389 579 421 640 in
442 582 595 660 quantum
622 598 694 640 cum
709 579 813 660 [ultimi
844 579 915 642 finis
935 578 1133 640 assecutione

202 672 386 734 relationem
400 671 529 734 hahent.

241 769 270 826 l.
285 765 347 826 Sed
357 771 493 845 quatuor
504 764 606 826 modis
616 768 778 827 exercetur
789 763 971 844 imperium:
985 764 1034 826 vel
1044 763 1133 844 leges

200 858 342 935 ferendo,
359 859 409 920 vel
426 857 615 939 judicando,
642 858 691 920 vcl
706 858 877 938 puniendo,
893 858 943 919 vel
967 877 1004 919 ea
1025 858 1134 918 omnia

201 951 395 1032 disponendo
429 957 460 1012 ct
484 951 732 1013 administrando
762 969 832 1032 quae
867 951 993 1030 publico
1030 950 1132 1012 ordini

200 1045 394 1117 inserviuut;
409 1061 485 1123 ergo
501 1044 542 1104 ad
556 1045 624 1106 haec
640 1048 777 1124 quatuor
791 1043 896 1123 capita
920 1043 1134 1106 ecclesiastica

197 1135 372 1218 jurisdictio
388 1141 551 1198 exercetur
564 1136 597 1197 in
621 1138 783 1216 provincia
803 1155 875 1216 sua,
893 1157 949 1199 seu
964 1137 996 1198 in
1015 1137 1053 1198 iis
1065 1155 1134 1199 om-

200 1229 292 1292 nibus
307 1248 376 1310 quae
389 1233 456 1292 tum
475 1229 581 1310 quoad
600 1249 763 1310 personas,
785 1233 854 1292 tum
873 1230 978 1311 quoad
1003 1248 1053 1291 res
1074 1247 1132 1310 pro

160 1362 165 1371 ·
201 1323 303 1386 ultimi
327 1323 398 1384 finis
425 1323 620 1386 assecutione
648 1323 858 1386 ecclesiastica
878 1323 1042 1404 disciplina
1059 1327 1134 1384 sunt

200 1418 380 1481 constituta.

596 1561 754 1604 numericam.

564 1675 581 1714 l.
589 1673 688 1723 Derecto
696 1673 780 1723 placat.

239 1791 277 1853 ll.
295 1789 465 1852 Occasione
488 1788 665 1852 schismatis
688 1791 890 1854 occidentalis
913 1790 998 1872 quod
1019 1791 1059 1852 ab
1073 1792 1131 1854 Ur·

199 1884 282 1946 hano
303 1885 344 1947 Vl
366 1883 407 1946 ad
430 1883 597 1945 concilium
612 1885 849 1948 Constantiacas
875 1883 1068 1966 perduravit,
1090 1901 1130 1946 ne

200 1977 231 2039 vi
253 1977 348 2060 hujus
362 1976 538 2039 schismatis
561 1977 687 2039 fraudes
702 1978 960 2056 admitterentur,
977 1975 1131 2039 concessit

199 2071 354 2147 Urbanus,
379 2074 414 2132 ut
433 2070 567 2150 legimus
588 2072 620 2132 in
644 2071 865 2134 constitutione
888 2071 1028 2132 secunda
1045 2071 1131 2133 Mar-

199 2163 256 2224 tini
283 2165 321 2241 V,
337 2163 526 2245 quibusdam
538 2165 675 2243 praelatis
686 2165 770 2246 quod
782 2165 815 2226 in
829 2183 938 2229 eorum
953 2164 1130 2226 civitatibus

198 2263 229 2320 et
244 2255 433 2319 dioecesibus
443 2276 507 2320 non
517 2265 623 2337 posset
632 2258 692 2320 sini
703 2259 844 2321 executio
854 2259 1030 2320 litterarum
1040 2275 1130 2337 apos·

197 2349 374 2430 tolicarum,
386 2351 445 2412 nisi
461 2352 547 2430 prius
561 2351 672 2414 litterae
698 2350 878 2433 hujusmodi
895 2351 1033 2431 praelatis
1053 2348 1128 2429 ipsis

196 2444 247 2505 vel
261 2463 372 2505 eorum
385 2444 569 2506 officialibus
588 2446 628 2506 ad
643 2445 704 2507 hcc
719 2445 876 2524 deputatis
891 2444 1125 2520 exhiberentur,

197 2540 229 2598 ct
242 2535 282 2597 ab
296 2537 371 2615 ipsis
391 2537 572 2616 approbatae
593 2538 719 2600 fuerint.
742 2538 903 2617 Principes
918 2555 1063 2618 quoque,
1088 2553 1127 2596 nc

197 2627 304 2707 populi
316 2628 678 2708 apseudopontiticibus
693 2632 925 2711 deciperentur,
942 2632 974 2692 in
985 2631 1087 2692 bullas
1097 2632 1129 2691 et

198 2721 434 2784 constitutiones
448 2722 606 2803 inquirere
622 2727 794 2804 coeperunt.

238 2817 322 2894 llaec,
338 2817 383 2879 uti
393 2815 516 2894 videtis,
530 2816 589 2880 fuit
603 2817 768 2897 disciplina
782 2818 928 2899 quaedam
947 2817 1124 2898 singularis,

197 2927 254 2990 pro
264 2915 443 2989 temporum
459 2910 675 2990 singularitate
689 2911 837 2989 inductae,
856 2929 925 2992 quae
938 2911 975 2972 iis
993 2910 1127 2990 demptis

197 3003 439 3067 circumstantiis
457 3003 631 3066 continuari
655 3023 718 3067 non
743 3005 887 3067 debehat.
910 3007 951 3066 At
969 3020 1044 3065 vero
1063 3020 1126 3063 non

195 3099 254 3174 sie;
267 3099 323 3160 sed
333 3100 453 3160 cessato
466 3097 562 3159 etiam
571 3099 750 3175 schismate,
762 3098 846 3178 apud
855 3097 970 3158 multas
983 3095 1126 3159 nationes

171 3211 173 3218 ⁴
195 3196 362 3270 retentum,
380 3192 464 3272 apud
480 3192 556 3253 alias
566 3196 728 3272 receptum
739 3195 786 3253 est
796 3191 848 3272 jus
861 3209 922 3272 quc
934 3209 997 3252 non
1010 3189 1127 3250 liceant

195 3285 388 3364 promulgari
425 3284 642 3347 ecclesiasticae
672 3284 866 3346 auctoritatis
906 3282 1125 3362 dispositiones

194 3378 244 3440 vel
257 3379 402 3440 effectum
417 3397 508 3440 suum
523 3378 647 3456 sortiri,
663 3378 728 3439 sive
743 3377 803 3439 illae
818 3377 880 3439 sint
900 3378 940 3440 ab
956 3374 1123 3456 episcopis,

194 3471 244 3538 vel
258 3487 415 3532 cromano
425 3473 572 3554 pontifice
583 3471 666 3552 latae,
679 3470 745 3532 sivo
755 3471 818 3532 sint
833 3471 1039 3554 particulares
1050 3485 1126 3532 con·

1277 3113 1281 3203 ,

1273 3212 1281 3411 ’

1272 3581 1280 3725 l
