2578 4012
408 281 447 327 66
468 279 660 328 aranearum
680 281 873 331 nrmoasrnn.
1056 273 1114 334 263

182 425 277 487 modo
286 427 391 486 tamen
399 422 538 502 erigatur
549 423 870 503 intitulumbeneficii,
880 428 912 490 et
921 425 1057 508 capitulo
1065 446 1114 491 re·

182 518 343 598 linquatur
352 517 483 578 facultas
498 515 634 596 eligendi
645 516 808 596 vicarium,
823 519 940 597 praevio
957 521 1111 602 examine,

182 612 223 673 ab
254 609 418 672 Ordinario
441 609 691 689 approbandum.
717 610 781 672 Sed
802 610 975 690 capitulum
997 613 1113 694 eligere

183 704 277 766 debet
290 703 374 766 intra
387 705 406 766 8
420 703 497 779 dies,
513 719 603 764 secus
618 701 728 764 electio
742 702 898 784 adipsum
913 704 1113 770 ordinarium

183 796 372 859 devolvetur
389 797 432 877 (S.
455 797 553 875 Gorg.
578 813 627 874 ep.
655 799 687 858 61
707 813 774 876 reg.
800 798 838 857 11
851 814 924 858 nov.
947 797 1053 878 1663);
1070 802 1111 877 61,

182 890 266 952 16616
286 889 346 950 hae
372 888 535 965 electione,
560 890 662 950 totum
685 906 769 951 6666
789 888 972 952 exercitium
997 891 1113 954 vicario

182 981 336 1062 privative
350 981 513 1043 incumbit.
529 977 577 1062 (S.
592 983 689 1061 Gong.
705 983 738 1042 G.
756 985 775 1042 2
784 980 865 1061 junii
881 981 984 1062 1696.)

138 1122 140 1125 -
220 1077 252 1136 3⁰
273 1073 416 1138 vicarius
431 1075 600 1153 perpetuus
618 1073 651 1134 iu
663 1073 836 1154 parochiali
851 1073 984 1136 66616616
998 1073 1115 1137 666611-

180 1170 266 1231 tutus
277 1167 421 1230 eamdem
431 1167 720 1247 66166161661661161
730 1165 1110 1247 quamverusparochus:

180 1264 284 1322 rector
302 1259 482 1339 principalis
507 1259 631 1322 6666161
656 1258 777 1342 habitu,
804 1276 869 1322 non
883 1265 990 1321 autem
1007 1257 1113 1339 quoad

180 1353 374 1431 exercitium,
386 1368 494 1412 curam
505 1351 629 1429 retinet.
645 1352 693 1413 Ita
706 1351 823 1432 pluries
835 1351 868 1412 in
881 1353 961 1414 Rota
974 1351 1114 1413 decisum

179 1446 247 1508 luit.
261 1445 341 1508 Hinc
354 1448 458 1507 rector
472 1443 652 1524 principalis
667 1443 776 1524 nequit
784 1443 828 1507 ibi
843 1462 989 1506 exercere
1004 1461 1113 1507 curam

179 1538 239 1600 lori
251 1537 485 1618 poenitentialis,
497 1555 556 1597 nec
567 1535 664 1600 invito
676 1537 794 1600 vicario
804 1539 1002 1602 sacramenta
1011 1535 1118 1636 admi·

179 1629 324 1694 nistrare.
344 1631 436 1711 (Rota
449 1632 487 1694 l'l
497 1628 573 1691 maii
586 1630 689 1710 1621.)

170 1803 174 1807 .
216 1727 248 1784 1ο
269 1723 385 1786 vicarii
406 1723 549 1803 perpetui
577 1722 781 1786 ecclesiarum
801 1721 1032 1802 parochialium
1058 1721 1111 1785 de·

169 1815 255 1878 ,1)661
274 1815 453 1896 praecedere
465 1813 590 1876 vicariis
604 1815 823 1877 amovibilibus
838 1814 980 1878 ccclesiae
1006 1815 1112 1878 cathe-

180 1906 286 1967 dralis.
300 1906 344 1985 (S.
362 1907 459 1985 0663.
476 1906 537 1967 1111.
555 1908 592 1967 16
605 1912 684 1985 sept.
698 1906 803 1984 1616.)

177 2090 248 2155 bilis
267 2092 389 2170 6666161
412 2089 453 2151 ad
476 2092 632 2151 rectorem
648 2087 856 2170 principalem
867 2089 1049 2152 monasterii
1061 2091 1111 2153 661

178 2182 369 2245 beneficium
383 2185 431 2244 est
449 2181 581 2243 unitum.
598 2181 642 2262 (S.
664 2177 763 2260 (long,
785 2199 834 2260 ep.
851 2184 882 2243 61
902 2199 970 2262 reg.
988 2185 1026 2244 29
1041 2201 1108 2262 666.

180 2275 282 2354 1627.)
307 2276 347 2336 lit
368 2275 532 2355 episcopus
552 2274 654 2337 solum
668 2273 761 2334 debet
775 2273 863 2334 illum
882 2275 1059 2354 approbare
1074 2295 1111 2338 ao

177 2369 338 2431 licentiam
352 2366 591 2429 administrandi
611 2372 809 2430 sacramenta
829 2365 857 2427 61
879 2367 1063 2445 concedere,
1085 2367 1111 2430 ai

178 2479 236 2541 per
247 2479 380 2523 examen
394 2461 443 2522 vel
464 2459 589 2523 aliunde
610 2462 732 2522 6666161
751 2477 818 2520 6666
839 2458 1000 2524 idoneum.
1019 2460 1109 2541 (Ilad.

149 2625 151 2628 ¹
179 2556 291 2632 (1666),,
308 2553 418 2614 116116.
431 2553 534 2633 1586.)

218 2649 249 2707 6⁰
271 2644 414 2708 vicarius
441 2643 626 2725 temporalis
648 2662 668 2704 a
688 2644 861 2708 rectoribus
885 2644 1112 2726 principalibus

177 2737 356 2801 nominatus
371 2740 474 2817 potest
492 2738 532 2799 ab
559 2737 636 2817 ipsis
651 2737 691 2798 ad
713 2737 836 2801 lihitum
860 2739 1027 2816 removeri,
1049 2755 1113 2800 non

126 2833 129 2838 '
178 2832 284 2892 autem
309 2829 349 2892 ab
378 2829 541 2910 episcopo,
568 2828 693 2890 nisiex
720 2847 815 2893 causa
849 2830 990 2910 legitima
1020 2829 1113 2909 (Rota

177 2925 212 2984 21
230 2922 311 3004 junii
333 2922 434 3003 1612),
454 2921 652 3003 quodetiam
671 2921 802 3002 intelligi
822 2923 915 2986 debet
934 2922 972 2984 de
987 2921 1112 2984 vicariis

177 3015 374 3094 temporariis
394 3033 478 3078 ourae
497 3013 675 3078 animarum
686 3015 850 3080 destinatis
867 3035 887 3078 6
907 3014 1061 3095 capitulis,
1078 3018 1117 3079 ut*

178 3107 281 3184 fetiam
295 3108 465 3174 declaravit
475 3110 565 3172 Rota.

284 3364 364 3412 r11l1s
386 3365 489 3413 raarss
512 3366 675 3416 volumius
697 3369 734 3416 ΕΤ
754 3367 860 3418 rorlus
881 3363 995 3417 ornan.
