2586 4020
164 265 223 328 llo
372 276 603 332 rnsrrnurronas
623 277 707 326 runs
728 277 883 326 cenoman.

161 423 279 500 tenda,
296 421 448 484 indirecte
462 428 570 502 posset
592 439 704 502 perere
722 421 861 504 aliquam
881 422 913 482 in
932 422 1097 503 republica

163 516 444 596 perturbationem.
473 517 540 588 Qua
561 515 682 578 ratione
703 516 805 592 ducti,
827 515 981 578 moderati
1000 515 1097 578 etiam

163 612 308 672 auctores
326 610 474 672 videntur
494 610 667 672 concedere
686 609 819 689 principi
840 609 892 694 jus
913 628 977 672 non
996 609 1098 688 impe-

164 703 281 780 diendi,
299 701 354 764 sed
370 699 583 782 suspendendi
598 703 814 765 executionem
829 721 992 784 quousque
1008 702 1097 764 dubi·

163 795 240 860 tatio
252 800 321 858 orta
332 796 502 876 alegitima
520 800 674 876 potestate
691 815 753 858 non
768 797 914 874 tollatur,
938 796 989 858 vel
1011 814 1098 858 eam-

161 894 307 969 ponetur.

203 1000 234 1059 1⁰
260 996 323 1059 Sed
350 1000 570 1076 argumentum
595 996 687 1058 nimis
715 997 847 1076 probat:
872 996 985 1058 eadem
1011 995 1097 1057 enim

163 1090 231 1170 pari
242 1089 479 1170 etfortionijura
493 1088 531 1149 de
541 1089 743 1167 dispositione
754 1089 895 1151 saeculari
906 1090 967 1151 dici
977 1092 1094 1169 posset,

165 1190 197 1244 et
217 1199 343 1264 aequum
362 1200 439 1242 sane
459 1185 540 1244 esset
556 1182 661 1260 potius
675 1183 881 1244 subordinans
903 1185 999 1244 tinem
1016 1188 1098 1245 tem-

164 1276 306 1356 poralem
333 1274 487 1354 spirituali
519 1293 615 1354 quam
632 1275 700 1336 vice
722 1294 813 1336 versa
841 1277 884 1356 (et
905 1276 1097 1356 experientia

165 1369 271 1432 docuit
283 1388 382 1450 usque
393 1368 550 1450 principes
561 1387 629 1430 sese
644 1369 820 1430 immiscere
828 1369 861 1430 in
872 1369 921 1431 his
936 1369 1093 1450 negotiis).

164 1463 247 1543 Engo
261 1462 428 1524 veneratio
447 1482 510 1524 non
524 1481 562 1524 aa
581 1481 648 1524 esse
663 1462 798 1541 videtur,
816 1464 872 1525 sed
894 1463 998 1545 potius
1015 1463 1095 1526 ratio

163 1559 198 1618 ut
210 1556 293 1618 illius
305 1556 345 1618 sit
358 1555 469 1635 religio
482 1556 572 1637 cujus
587 1560 634 1616 est
646 1556 746 1636 regio.

205 1655 238 1711 2⁰
258 1651 275 1712 J
280 1669 316 1712 ns
327 1649 458 1710 cavandi
472 1667 535 1710 non
548 1649 630 1710 ultra
640 1651 789 1730 progredi
801 1651 895 1714 debat
909 1669 1004 1732 quam
1018 1669 1096 1712 sena

164 1742 247 1805 ratio
261 1741 399 1817 dictitat3
417 1759 495 1803 sans
517 1745 623 1803 autem
638 1743 718 1806 natio
734 1744 831 1806 dictat
841 1745 917 1806 utin
932 1761 969 1806 ea
985 1761 1097 1806 eavea-

164 1855 235 1898 mus
249 1835 302 1898 nbi
318 1835 446 1916 aliquod
460 1835 593 1897 timendi
604 1836 780 1915 periculum
799 1837 839 1898 sit
852 1839 903 1899 vel
912 1837 1096 1898 fundamen·

164 1934 242 1993 tum.
260 1931 355 2011 Atqui
372 1930 493 1991 nullum
505 1928 679 2009 periculum
692 1929 867 1992 timendum
882 1950 919 1992 ax
935 1930 1107 2016 ccclesias·-

165 2025 235 2087 ticis
247 2022 539 2086 constitutionibus:
552 2024 602 2084 vel
614 2022 800 2102 dogmaticae
811 2027 893 2103 sunt,
903 2027 935 2086 et
943 2024 987 2085 nil
996 2023 1096 2104 magis

164 2117 314 2197 prodesse
329 2119 433 2196 potest
446 2116 637 2196 reipublicae,
659 2135 730 2177 cum
744 2117 854 2196 religio
871 2117 911 2178 sit
924 2117 1096 2178 maximum
1165 2183 1175 2202 ‚

165 2213 265 2273 status
287 2197 576 2290 propugnaiulumj
591 2211 641 2271 vel
656 2208 882 2288 disciplinares,
898 2213 929 2272 et
947 2210 990 2271 nil
1011 2209 1096 2271 aliud

164 2303 331 2368 intendunt
343 2303 401 2365 nisi
426 2307 461 2366 ut
474 2321 578 2364 mores
601 2302 741 2365 fidelium
750 2303 841 2384 juxta
859 2303 955 2364 fidem
969 2319 1097 2384 compo·

93 2391 98 2398 ’
164 2397 415 2474 nantur,abusus
427 2397 648 2458 reformentur.
666 2397 749 2476 lingo
768 2416 774 2456 :

203 2492 234 2551 3⁰
255 2491 323 2550 Non
338 2491 442 2567 potest
462 2489 609 2550 sustineri
623 2487 692 2550 haec
710 2487 834 2550 theoria
848 2489 906 2550 nisi
930 2508 987 2569 pro
1011 2489 1097 2569 prin-

165 2581 246 2659 cipio
261 2581 446 2642 admittatur
465 2581 675 2661 dependentia
691 2582 884 2644 auctoritatis
895 2583 1052 2660 Ecclesia,
1066 2587 1097 2642 et

164 2673 237 2734 inde
263 2672 424 2736 minuatur
446 2673 529 2734 illius
552 2673 689 2736 influxus
706 2675 738 2734 in
752 2675 894 2737 animum
907 2676 1095 2755 populorum

165 2783 237 2828 cum
246 2765 382 2828 maximo
391 2766 539 2827 Ecclesiae
550 2769 582 2828 et
591 2767 771 2847 reipublicae
782 2767 980 2846 detrimento,
991 2765 1096 2847 prouti

164 2860 357 2941 experientia
369 2860 572 2924 demonstrat.

470 3009 498 3054 ll,
515 3011 544 3054 Dc
558 3011 620 3060 rento
635 3011 789 3053 nominatione.

203 3131 254 3194 lv.
271 3127 357 3192 Inter
370 3129 522 3209 speciales
535 3128 723 3209 quaestiones
736 3146 806 3210 quaa
819 3129 919 3191 solent
931 3123 1043 3208 agitari
1055 3127 1095 3190 de

162 3222 313 3290 limitibus
337 3223 499 3302 utriusque
524 3221 706 3301 potestatis,
726 3221 779 3282 illa
815 3225 862 3284 est
890 3221 1096 3284 celeberrima

163 3331 226 3394 qua
251 3317 487 3394 quaeritarem,
519 3315 623 3396 quale,
652 3318 804 3395 quantum
826 3314 878 3395 jus
901 3313 1095 3395 principibus

162 3410 319 3486 competat
342 3407 425 3472 circa
451 3409 636 3470 eanonicam
660 3407 899 3486 institutionem,
922 3408 1095 3470 ordinatio-

72 3570 74 3580 ,
162 3517 235 3566 nem
251 3497 465 3567 ministrorum
477 3503 509 3565 et
521 3500 763 3582 magistratuum
773 3501 1064 3567 ecclesiastieorum.

1284 3463 1286 3578 l
