2586 4020
541 273 581 318 oe
601 269 739 320 runicus.
1054 248 1111 320 139

184 435 256 480 eum
274 417 364 479 alteri
390 434 453 479 non
479 415 592 478 debeat
615 416 729 480 auferri
758 417 935 480 necessaria
953 415 1109 494 detonsio,

182 529 284 592 neque
312 509 529 591 praejudicium
550 510 695 590 generari
719 529 757 572 ex
780 510 1040 572 condemnatione
1065 509 1111 570 al-

181 605 289 666 terius.

222 699 275 762 lv.
291 699 336 756 De
352 695 420 757 aliis
440 695 597 758 nonnullis
610 697 643 756 in
658 695 777 777 specie,
794 695 833 758 de
852 695 964 774 quibus
980 695 1111 757 dubium
1209 706 1212 710 ’

183 809 251 852 essa
265 792 406 870 poterat,
432 807 473 850 au
494 789 654 868 appellare
678 787 821 868 possint?
843 787 984 850 Dubitari
1009 790 1112 867 potest
1192 843 1205 854 .

182 884 295 963 primo,
312 886 418 944 utrum
431 881 500 959 ille,
516 883 570 961 qui
580 881 699 963 juravit
713 880 889 960 pariturum
909 900 941 952 se
953 880 1111 942 mandatis

181 975 351 1052 Ecclesiae,
377 975 475 1056 possit
492 993 554 1037 non
571 975 714 1036 obstante
737 974 798 1036 hoc
814 973 993 1057 juramento
1008 993 1028 1036 a
1042 992 1113 1035 sen-

181 1069 290 1145 tentie,
306 1072 337 1130 et
354 1071 528 1149 praecepto,
552 1086 613 1148 quo
626 1085 660 1128 se
674 1066 928 1148 injustagmvari
939 1071 1039 1147 putat,
1056 1085 1112 1146 ep-

182 1161 323 1241 pellare?
337 1163 430 1239 Resp.
446 1160 531 1240 quod
543 1161 598 1238 sio,
611 1159 685 1241 quia
695 1160 910 1240 juramentum
924 1161 1112 1241 generaliter

181 1255 356 1334 praestitum
370 1252 517 1331 explicari
540 1252 649 1330 debet,
663 1253 755 1334 juxta
766 1253 881 1316 limites
889 1253 987 1334 juris,
1004 1259 1035 1315 et
1045 1253 1111 1335 jus-

178 1346 265 1424 titiae,
283 1363 383 1426 neque
399 1345 630 1408 extendendum
644 1346 685 1407 ad
699 1346 924 1426 obligationem
935 1345 1106 1428 injustam,

182 1441 214 1501 61
225 1439 338 1520 injuste
348 1441 592 1518 gravantemzet
601 1438 674 1500 hinc
685 1439 827 1519 quamvis
834 1438 989 1519 jnraverit
999 1438 1111 1520 aliquis

181 1535 336 1594 staturum
349 1550 383 1593 se
393 1531 547 1593 sententia
556 1530 683 1612 judicis,
699 1532 924 1612 qualiscunque
937 1531 991 1593 illa
1003 1531 1108 1610 luerit,

119 1669 122 1676 .
182 1625 287 1686 adbuc
304 1628 429 1702 tamen,
446 1625 473 1686 si
492 1641 549 1704 per
563 1624 751 1688 sententiam
773 1623 880 1705 inique
897 1625 1107 1704 opprimatur,
1145 1691 1148 1698 ,

183 1719 479 1799 appellarepotest,
499 1737 536 1781 eo
562 1718 646 1798 quod
668 1718 766 1779 verbe
780 1717 848 1779 haec
865 1717 1027 1797 generalia
1047 1735 1111 1779 non

182 1805 352 1873 extendant
374 1829 407 1872 se
433 1810 474 1873 ad
505 1810 692 1872 sententiam
716 1810 823 1890 inique
851 1813 1046 1890 gravantem.
1078 1811 1112 1872 Si

181 1904 333 1964 tamenin
347 1903 401 1965 tali
417 1921 490 1965 casn
507 1903 617 1964 frivole
636 1906 758 1965 tantum
773 1902 839 1963 sine
851 1902 938 1983 justa
953 1920 1063 1979 eausa,
1080 1906 1112 1965 61

183 1997 279 2058 solius
304 1995 491 2075 subterfugii
510 1995 613 2075 gratia
634 1995 821 2077 appelletur,
838 1996 925 2056 nulla
944 2001 991 2058 est
1003 1995 1112 2075 appel·

181 2089 267 2166 latio,
285 2087 370 2169 quod
382 2089 554 2168 capitulum
575 2107 614 2150 ne
634 2087 730 2171 priori
747 2088 958 2166 contradicat,
980 2090 1013 2150 in
1027 2089 1111 2152 bunc

182 2200 308 2244 sensum
323 2181 421 2262 accipi
435 2182 538 2244 debet.

222 2275 363 2338 Dubitari
381 2278 484 2355 potest
498 2274 655 2352 secundo,
671 2292 711 2336 an
732 2274 816 2336 licite
831 2275 967 2356 appellet
984 2293 1067 2351 reus,
1084 2275 1110 2337 si

182 2372 291 2432 contra
306 2371 544 2447 procuratorem
562 2368 676 2429 actoris
691 2367 825 2448 excipiat
837 2366 1008 2449 injudicio,
1026 2368 1110 2448 quod

183 2480 245 2523 non
260 2462 376 2523 habeat
394 2460 599 2538 mandatum,
615 2461 666 2522 vel
685 2460 710 2522 si
734 2461 882 2540 excipiat,
905 2461 989 2542 quod
1004 2479 1110 2524 eoram

182 2556 243 2617 alio
253 2553 360 2636 judice
374 2554 461 2634 prins
472 2553 541 2634 jam
556 2557 728 2616 conventus
749 2553 843 2617 fuerit
861 2573 899 2616 ex
913 2554 1110 2634 delegatione

183 2649 287 2727 Papae,
305 2645 394 2728 cujus
408 2647 597 2727 posteriores
610 2647 722 2710 litterae
735 2646 853 2710 nullam
865 2648 1079 2711 mentioneml
1096 2683 1111 2693 -

183 2741 279 2816 ciunt,
297 2745 328 2801 et
348 2739 380 2800 in
394 2746 505 2801 neutro
518 2758 592 2802 casu
613 2741 767 2802 audiatur.
794 2743 886 2820 Resp.
903 2741 1108 2819 affirmative,

184 2832 269 2913 qnod
282 2831 314 2891 in
329 2837 462 2913 utroque
478 2851 552 2894 casu
564 2832 682 2895 scilicet
692 2833 776 2896 licite
786 2834 932 2915 appellet,
942 2851 1014 2895 cunr
1024 2839 1111 2895 utrc-

183 2925 278 3006 bique
290 2923 441 3006 injustum
453 2925 513 3005 ipsi
527 2912 698 3005 gravamen
707 2926 899 3005 impanatum

221 3017 363 3080 Dubitari
380 3021 483 3098 potest
495 3017 605 3096 tertio,
621 3037 661 3080 an
676 3019 759 3081 licite
777 3019 913 3099 appellet
926 3038 1013 3098 reus,
1036 3037 1110 3079 con-

183 3115 293 3174 ventus
312 3112 345 3173 in
356 3111 474 3192 judicio
490 3111 611 3174 actione
625 3111 720 3189 reali,
741 3111 766 3173 si
778 3116 865 3194 petat
878 3130 946 3174 rem
959 3112 992 3174 in
1003 3112 1108 3183 libello

181 3205 312 3285 petitam
338 3205 510 3282 declarari,
532 3223 587 3268 seu
613 3205 787 3284 obsignari,
813 3209 845 3267 et
864 3224 926 3267 non
949 3205 1105 3268 audiatur.

63 3359 66 3366 ,
183 3301 275 3376 Resp.
289 3299 374 3379 quod
387 3298 470 3361 licite
485 3291 631 3380 appellet,
646 3317 718 3362 cum
732 3299 827 3360 etiam
842 3299 893 3360 bic
905 3298 1019 3380 injuste
1029 3317 1049 3362 a
1059 3299 1109 3380 ju-

183 3390 252 3454 dice
264 3395 430 3472 gravetur,
451 3393 504 3473 qui
522 3397 616 3473 negat
628 3391 690 3470 illi,
711 3393 796 3474 qnod
814 3410 833 3454 a
850 3391 922 3474 jura
937 3394 1108 3475 petendum

183 3485 374 3548 conceditur.
