2586 4020
525 319 563 363 ne
584 316 722 363 runicus.
1049 297 1105 358 tec

51 533 67 554 ι
178 464 336 543 complete
345 462 358 542 j
363 479 413 522 am
428 461 478 539 sit,
492 461 570 524 nihil
585 461 613 522 ei
634 464 727 523 nocet
747 460 945 541 privilegium
958 457 1108 538 impetre-

178 561 245 619 tnm
263 556 455 618 contrarium
470 555 707 636 prescriptioni,
722 555 777 616 sed
791 553 852 616 hoe
862 555 985 615 tentum
1000 567 1109 632 opere-

177 653 239 727 tur,
264 654 300 711 ut
317 650 350 710 in
369 652 529 727 posterum
551 648 785 728 praescriptione
806 647 851 710 uti
875 664 939 708 non
953 644 1052 725 pessit
1067 644 1108 704 ed

178 761 246 804 rem
260 741 475 821 praescriptam
490 740 549 802 sibi
563 740 803 818 defendendam,
813 758 884 801 cum
899 738 983 815 huic,
994 755 1030 800 eo
1040 736 1108 816 ipso

176 834 263 914 'qued
278 834 477 915 privilegium
496 835 686 896 eontrarium
702 832 929 914 praescriptioni
941 831 1109 910 impetrare

178 928 228 989 vel
236 927 381 1004 voluerit,
391 927 441 988 vel
449 927 674 1006 impetraverit,
684 923 1109 1007 praescriptionirenuntiasse

178 1018 341 1092 videatur;
364 1019 414 1080 eui
433 1023 541 1081 temen
561 1037 624 1080 non
650 1019 826 1096 renuntiat,
846 1018 872 1078 si
888 1011 1107 1097 privilegium,

179 1113 264 1193 qnod
288 1115 415 1174 nonest
436 1113 628 1174 contrarium
649 1111 893 1191 praescriptioni,
913 1107 1107 1190 impetravit,

179 1215 251 1266 euni
272 1205 334 1266 tale
356 1204 557 1285 privilegium
581 1206 621 1264 ed
642 1204 794 1286 majorem
815 1207 937 1266 tentum
956 1203 1111 1265 cautelam

136 1319 138 1324 ¹
179 1301 211 1360 et
225 1296 514 1360 corroborationem
527 1297 782 1376 prescriptione,
800 1300 873 1374 ete,
885 1295 1045 1376 impetrari
1056 1312 1110 1374 po·

178 1391 241 1452 tius
256 1388 409 1451 videatur.

526 1508 693 1584 riennes
715 1523 767 1582 111.

115 1729 116 1732 ,
178 1675 311 1729 nemen
333 1683 420 1745 ciris,
438 1682 493 1728 SEU
508 1685 546 1728 DE
568 1682 739 1729 SENTENTIA
762 1682 890 1737 EJUSQUE
906 1681 1107 1730 exsecuere·

489 1824 610 1877 cerer
634 1785 792 1879 iernen.
880 1893 881 1896 Ν

412 1965 446 2004 ΒΕ
465 1962 624 2016 senectam,
638 1965 672 2004 ΕΤ
688 1967 723 2004 ΒΕ
737 1965 882 2007 adeletae.

523 2093 533 2146 s
547 2094 563 2136 1.
576 2103 752 2137 promerereris.

219 2217 242 2276 Ι.
268 2212 355 2288 oete,
374 2220 402 2274 et
415 2213 576 2294 pantapten
591 2213 631 2274 sit
648 2205 800 2288 sententie,
815 2218 846 2276 et
860 2216 1017 2293 quomodo
1037 2237 1055 2277 a
1078 2237 1111 2280 re

175 2307 317 2389 judicate
332 2305 477 2367 diflerat?
492 2305 653 2368 Sententia
667 2305 699 2365 in
721 2323 837 2386 genere
856 2306 978 2368 definiri
996 2312 1109 2388 potest,

174 2400 265 2480 ¹qnod
280 2399 320 2462 sit
331 2398 489 2479 judicialis
504 2397 620 2460 decisio
629 2398 674 2459 rei
688 2405 897 2462 controversae
906 2419 964 2480 per
975 2419 1111 2480 pronun·

178 2491 341 2555 tiationem
356 2490 471 2572 judicis
499 2491 558 2552 rite
585 2491 720 2570 factam,
746 2491 793 2553 liti
813 2493 909 2554 finem
934 2494 1108 2573 imponens.

179 2584 301 2663 Duplex
314 2585 420 2645 entem
440 2587 487 2645 est
500 2585 672 2663 sententia,
691 2585 753 2646 alie
767 2585 931 2667 definitive,
946 2606 1016 2667 quae
1029 2589 1112 2669 prin-

173 2677 312 2758 cipalem
325 2693 453 2737 causam
466 2676 587 2755 definit,
604 2678 695 2757 eique
707 2678 802 2740 finem
811 2678 945 2761 imponit
951 2699 1008 2760 per
1021 2682 1112 2744 absc-

177 2770 341 2847 lutionem,
355 2769 404 2833 vel
420 2771 731 2844 condemnationem
748 2771 809 2831 clia
819 2778 867 2834 est
877 2773 1109 2852 interlocutoria,

179 2881 249 2944 quae
269 2880 332 2924 nen
350 2880 446 2942 super
469 2861 634 2943 principali
654 2865 798 2952 negotio,
814 2865 870 2926 sed
889 2885 983 2944 snper
1006 2867 1110 2947 aliquo

178 2962 370 3036 emergente,
386 2954 437 3016 rel
455 2955 613 3016 incidente
628 2956 758 3018 articulo
780 2957 863 3018 inter
876 2957 1065 3037 principium
1081 2964 1112 3022 et

178 3052 274 3111 finem
282 3065 384 3110 causae
395 3047 504 3125 fertur,
516 3066 585 3127 quae
598 3048 787 3110 adefinitiva
795 3050 828 3110 in
841 3067 878 3112 eo
889 3051 984 3112 etiam
996 3049 1110 3130 differt,

180 3141 264 3222 quod
292 3141 453 3202 definitive
476 3140 633 3202 ordinarie
655 3141 694 3201 ab
715 3141 827 3202 eodem
842 3143 949 3223 judice
970 3147 1111 3208 revocari

179 3234 356 3313 nonpossit‚
364 3234 462 3314 possit
470 3225 895 3296 enteminterlccutariaente
905 3235 1108 3318 definitivam,

179 3331 214 3390 ut
235 3345 305 3408 quae
321 3345 483 3407 nunquam
502 3333 648 3408 respectu
659 3327 776 3406 judicis
801 3328 834 3389 in
857 3347 925 3390 rem
934 3330 1111 3411 judicatam

177 3419 300 3498 transit,
317 3419 377 3480 nisi
396 3419 512 3483 hebeat
526 3421 589 3482 vim
608 3419 793 3498 definitivae,
809 3423 998 3503 imponentis
1016 3427 1111 3488 finem

167 3511 222 3575 -illi
236 3511 408 3576 instantiae..
441 3559 443 3562 -
