2584 4022
434 375 436 379 .
545 335 584 382 ne
604 337 740 387 suerrus.
1064 327 1103 389 69

174 499 259 558 nom,
282 473 434 560 utsupra
455 480 593 560 dictum,
609 482 653 543 ite
666 485 773 546 temen
792 486 827 546 ut
849 483 936 564 prius
951 483 1104 564 probetur

176 573 290 636 actoris
302 573 443 650 intentio,
467 592 563 654 quem
584 574 632 636 rei
652 575 804 656 exceptio,
828 594 899 638 cum
913 579 1018 638 actore
1039 595 1103 641 non

174 667 327 746 probante
343 666 552 729 absolvendus
560 667 600 728 sit
613 684 686 730 reus
700 667 869 749 (snltemeb
883 669 1102 732 observatione

175 756 269 840 hujus
281 759 464 839 instentiae),
485 759 606 822 etiamsi
621 759 699 822 nihil
713 759 830 841 egerit;
847 778 948 843 neque
962 763 1033 841 post
1046 781 1102 842 pu·

174 850 290 914 blicata
304 852 497 931 testimonie,
524 856 556 916 ct
569 856 736 934 postquam
758 853 790 915 in
811 871 907 915 oense
920 854 1101 916 conclusum

175 948 231 1022 cst,
250 945 443 1008 admittenda
464 950 512 1008 est
532 946 594 1008 elia
612 945 755 1026 probatio
776 964 870 1026 super
892 946 1010 1010 eisdem
1030 947 1102 1010 arti·

174 1038 251 1099 culis
263 1038 332 1118 (nisi
340 1057 435 1118 super
445 1039 581 1101 articulis
590 1039 628 1101 de
640 1040 969 1120 novoemergenttbus
977 1042 1012 1103 ut
1020 1040 1102 1102 infru

174 1130 324 1210 dicetur),
348 1149 420 1193 oum
434 1150 492 1211 per
504 1132 601 1194 talem
622 1132 654 1194 in
669 1150 765 1194 cause
784 1133 1016 1195 conclusionem
1030 1151 1102 1215 cen·

173 1226 301 1287 scantur
314 1228 418 1302 partes
432 1225 611 1288 renuntiare
633 1225 832 1288 ulterioribus
850 1225 1098 1305 probationibus

213 1317 296 1377 Finis
307 1320 412 1378 autem
426 1317 620 1396 probationis
636 1323 683 1378 est
702 1317 802 1398 judici
821 1318 918 1380 fidem
936 1318 1051 1395 locere,
1069 1321 1100 1381 et

173 1414 208 1471 ut
221 1409 374 1488 intelliget
392 1409 454 1487 hic,
472 1411 597 1491 qualem
611 1409 798 1472 sententiam
811 1410 892 1471 ferre
907 1410 1032 1489 debeat,
1049 1411 1101 1472 cui

172 1502 316 1563 faciende
341 1506 388 1564 est
409 1503 571 1581 probatio,
593 1505 625 1565 et
646 1503 697 1564 hic
719 1503 891 1564 secundum
912 1501 1047 1582 allegata
1070 1506 1101 1565 et

171 1594 315 1674 probate,
331 1596 517 1656 sententium
531 1595 625 1673 ferre,
641 1613 681 1656 ne
692 1595 780 1657 litem
794 1594 888 1656 faciet
901 1613 1002 1674 suem,
1025 1614 1101 1658 con-

173 1687 368 1750 demnandus
382 1687 414 1748 in
436 1687 478 1766 id,
498 1689 583 1768 quod
594 1687 759 1768 litigatoris
773 1688 912 1751 interest.
929 1689 1037 1768 Neque
1053 1692 1100 1751 est

173 1783 282 1842 contra
295 1779 514 1860 probationem
533 1781 648 1844 factam
662 1779 807 1861 purgatio
822 1780 974 1844 cononice
987 1782 1099 1844 admit·

171 1873 276 1951 tende,
293 1892 365 1934 cum
379 1873 528 1935 innocens
540 1873 591 1936 ille
612 1873 644 1935 in
661 1874 730 1937 foro
744 1873 803 1936 fori
818 1891 961 1936 essenon
980 1875 1078 1954 possit

172 1967 226 2048 qui
251 1967 342 2046 plene
362 1968 513 2046 probatus
535 1970 596 2044 est,
612 1984 679 2029 esse
698 1983 831 2044 nocens,
855 1969 890 2028 ut
908 1966 952 2030 sic
968 1965 1099 2050 crimine

171 2059 325 2137 impunite
355 2059 630 2142 relinquerentur,
663 2077 735 2122 cum
769 2076 885 2141 magno
917 2059 1098 2141 reipublice

170 2152 295 2216 domno.

519 2285 684 2334 umectus
709 2285 757 2335 111.

389 2405 434 2466 De
451 2403 569 2466 testibus
587 2413 616 2465 et
633 2401 876 2469 attestationibus.

208 2551 373 2614 Potissimu
383 2549 575 2630 probationis
590 2548 710 2630 species
722 2553 780 2626 est,
798 2567 868 2630 quae
880 2549 916 2611 lit
930 2565 988 2627 per
1000 2549 1096 2611 testes

168 2644 241 2707 vivo
254 2663 332 2708 voce
347 2645 555 2724 deponentes3
573 2647 645 2706 sunt
657 2643 740 2704 enim
752 2646 867 2720 testes,
890 2641 943 2722 qui
958 2640 1095 2704 delecto

168 2738 272 2818 aliquo
294 2737 431 2816 legitime
453 2737 556 2798 vocati
575 2735 788 2798 testimouium
816 2735 941 2810 dicunt,
967 2735 1097 2794 atteste-
1134 2730 1136 2735 ’

168 2831 268 2893 tiones
276 2848 351 2891 vero
361 2833 433 2892 sunt
442 2829 582 2908 ipsorum
594 2829 804 2907 depositiones
816 2847 824 2902 ;
839 2830 870 2889 et
880 2825 1023 2906 quemvis
1035 2831 1096 2886 tes·

167 2925 246 2988 tium
260 2922 311 2983 alii
327 2922 389 2984 sint
403 2921 579 3002 judiciales,
597 2921 651 2983 ulii
666 2919 922 2996 instrumenterii‚
936 2918 988 2979 elii
1003 2920 1096 2978 teste·

168 3015 330 3092 menterii,
358 3014 409 3076 hic
428 3017 536 3076 temen
557 3013 754 3093 potissimum
773 3013 877 3091 egitur
901 3011 940 3071 de
963 3007 1094 3070 testibus

163 3110 375 3192 judicialibus,
390 3108 442 3188 qui
458 3106 558 3169 edroi
574 3105 704 3185 elicujus
719 3108 928 3165 controversae
942 3101 1038 3162 tidem
1050 3100 1095 3162 fa·

77 3225 87 3240 Χ
166 3204 311 3268 ciendam
324 3201 485 3283 injudicio
498 3199 699 3275 adhibentur,
712 3197 751 3258 de
764 3195 888 3276 quibus.

452 3334 463 3389 ς
476 3337 493 3378 1.
505 3345 537 3377 nu
548 3341 683 3387 Quinum
695 3339 808 3375 weron.
838 3349 842 3362 ·

207 3447 258 3508 Xl.
285 3443 408 3518 Quinum
422 3441 481 3504 sint
495 3439 614 3520 labiles,
630 3439 677 3502 vel
688 3436 816 3502 obsolute
830 3434 971 3499 inhabiles
985 3433 1026 3496 od
1037 3441 1093 3497 tes·

166 3536 363 3620 trflcuudum?
376 3537 484 3602 'restes
509 3532 683 3616 generatim
705 3531 862 3614 loquendo
886 3529 1002 3595 debent
1024 3545 1092 3591 esse
