2584 4022
549 305 588 354 »ι
607 307 746 358 runicus.
1063 270 1066 275 ¹
1086 297 1126 362 tt

195 443 944 534 scilicetminusainceradepositioniainpropria
953 469 1125 536 causapro·

194 541 296 620 priam
309 540 475 601 utilitatem
483 545 659 621 spectante3
673 549 704 605 et
720 544 761 606 oh
778 544 861 606 hauc
872 563 1011 624 causam,
1022 565 1124 628 neque

194 632 246 696 ille
261 633 348 694 testis
366 632 499 696 idoneus
512 633 647 713 videtur,
664 636 715 716 qui
731 637 866 699 similem
886 656 1015 700 causam
1029 639 1060 700 in
1072 640 1125 721 ju·

195 725 276 788 dicio
289 726 365 804 agit,
379 729 616 807 propterquam
631 729 663 789 iu
673 733 786 792 testem
796 730 848 792 hic
862 736 894 791 et
910 748 994 792 nunc
1007 732 1125 811 produ·

194 818 289 895 citur,
315 817 374 878 nisi
404 821 458 880 aut
477 821 660 900 protestatio
682 822 800 900 praevia
823 822 862 883 de
889 823 974 884 nullo
996 824 1123 902 proprio

195 911 359 973 commodo
371 912 541 991 quaerendo
554 911 585 972 in
596 913 651 974 tali
661 913 879 976 testificatione
891 931 963 976 eum
975 915 1124 978 idoneum

193 1004 298 1082 faciat,
315 1004 366 1066 vel
379 1007 493 1083 agatur
505 1007 628 1066 tantum
642 1005 681 1066 de
695 1006 820 1068 modico
835 1007 1057 1086 emolumento,
1072 1008 1124 1070 vel

194 1115 257 1159 non
266 1095 366 1178 possit
379 1097 469 1158 aliter
483 1097 592 1159 haberi
606 1099 734 1176 veritas,
750 1099 800 1162 vel
820 1103 951 1162 testetur
962 1101 1033 1164 talis
1053 1103 1125 1164 ten-

192 1194 260 1252 tum
273 1191 306 1250 in
321 1207 417 1252 cause
430 1207 495 1252 auae
509 1192 752 1256 communitatis

234 1283 297 1346 Sed
311 1301 369 1345 nec
381 1283 476 1344 inille
490 1301 585 1345 causa
596 1287 700 1364 potest
715 1285 784 1366 quis
794 1304 862 1346 ease
872 1287 969 1362 testis,
980 1287 1123 1366 quemad

188 1375 343 1458 judicium
355 1379 497 1453 utaetor,
514 1375 564 1437 vel
577 1381 751 1454 accusator,
768 1377 890 1455 detulit,
907 1396 946 1440 ne
958 1378 1121 1458 probando

190 1469 284 1530 talem
309 1487 399 1532 suam
423 1469 580 1531 actionem
600 1472 656 1531 aut
676 1469 928 1549 accusationem,
944 1471 976 1533 iu
994 1471 1124 1552 propria

191 1579 286 1623 causa
297 1562 385 1624 testis
400 1580 468 1623 esse
477 1565 659 1637 consectum
674 1568 706 1624 et
720 1563 862 1644 quemvis
872 1563 897 1624 si
908 1563 1124 1646 processitper

189 1655 274 1717 viam
288 1654 532 1717 denuntiationis
546 1653 752 1732 charitative,
769 1674 832 1718 nou
854 1662 920 1718 tam
934 1657 973 1718 ad
988 1657 1123 1736 punien-

189 1747 282 1825 dum,
309 1765 405 1827 quam
424 1746 659 1808 emendandum
687 1754 870 1828 peccatum,
893 1749 991 1830 possit
1015 1748 1121 1813 inille

188 1857 285 1902 causa
297 1840 386 1902 testis
400 1859 480 1902 esse.

228 1933 260 1996 Si
269 1932 368 2014 judex
381 1937 488 1995 tamen
494 1932 688 2013 judicialiter
700 1933 853 2013 procedat
863 1933 904 1996 ad
925 1934 1120 2017 puniendum

187 2025 418 2108 denuntiatum,
434 2027 475 2087 ad
488 2025 723 2106 deponendum,
735 2045 766 2089 v.
778 2027 872 2107 g.,ab
885 2027 988 2090 officio
1002 2031 1057 2090 aut
1068 2030 1122 2092 he·

187 2119 318 2196 neficio,
334 2125 410 2182 tuuc
431 2117 463 2180 in
479 2119 662 2182 criminibus
683 2119 844 2199 gravibus,
861 2119 992 2202 aliisque
1014 2122 1121 2202 magni

185 2211 360 2292 praejudioii
373 2213 486 2290 causis,
503 2231 566 2273 non
587 2213 773 2290 potestesse
790 2211 879 2274 testis
902 2211 1118 2290 denuntiator,

187 2304 261 2385 quia
280 2304 312 2364 in
331 2303 446 2366 talibus
468 2304 592 2366 casibus
608 2321 670 2365 uon
689 2307 737 2364 est
755 2303 969 2365 recedendum
992 2322 1012 2366 a
1034 2322 1121 2366 com-

185 2396 272 2458 muni
281 2395 362 2477 juris
377 2398 497 2476 regula,
513 2396 599 2476 quod
613 2395 699 2458 idem
715 2398 891 2473 accusator,
904 2413 959 2456 seu
974 2398 1072 2472 actor,
1090 2401 1122 2458 et
1154 2438 1158 2446 -

186 2490 274 2552 testis
288 2508 357 2551 asse
373 2509 437 2552 non
458 2489 572 2571 possit,
596 2487 655 2549 nisi
677 2488 729 2570 qui
744 2487 871 2568 publica
885 2487 1069 2552 auctoritate
1081 2488 1122 2550 ad

189 2582 406 2645 denuntianda
420 2582 553 2644 crimina
567 2600 607 2642 ex
621 2581 725 2644 oisscio
745 2598 802 2643 suo
822 2581 862 2642 ait
876 2581 1043 2660 deputatus
1058 2581 1120 2661 (cui

186 2675 298 2736 merito
312 2675 417 2756 maJ‘or
430 2675 510 2736 fides
521 2673 632 2736 haberi
647 2674 752 2752 dehet,
765 2693 860 2754 quam
870 2673 922 2736 alii
933 2674 1120 2754 cuicumque

187 2767 424 2847 denuntiaturi),
438 2774 493 2830 aut
514 2771 627 2847 agatur
646 2767 684 2829 de
699 2770 828 2848 peccato
843 2766 1002 2844 evitando,
1018 2783 1120 2845 neque

184 2859 305 2939 possint
317 2860 369 2921 alii
380 2865 475 2922 testes
490 2860 610 2922 haberi.

224 2954 326 3016 Judex
343 2957 449 3022 autem
468 2953 501 3013 in
517 2971 555 3015 aa
576 2969 686 3030 causa,
709 2969 779 3031 quae
802 2969 908 3013 coram
922 2951 991 3030 ipso
1007 2950 1120 3012 'adhuc

185 3047 313 3126 pendet,
332 3065 395 3108 non
415 3049 521 3126 potest
534 3045 566 3107 in
579 3047 693 3106 testem
707 3043 848 3122 produci,
866 3043 906 3104 ob
919 3042 1047 3102 nimiam
1061 3059 1119 3120 pro

186 3157 282 3202 causa
294 3140 350 3200 tali
360 3140 391 3200 in
408 3158 500 3202 suum
513 3138 667 3200 honorem
681 3134 856 3197 decidenda
864 3135 1076 3208 affectionem
1088 3136 1120 3198 et

186 3233 338 3312 siagatur
357 3233 443 3313 apud
455 3232 552 3294 alium
563 3230 703 3310 judicem
716 3226 950 3308 appellationis,
971 3247 1002 3292 v,
1021 3246 1053 3307 g.
1079 3227 1118 3289 dc

182 3325 322 3406 justitia,
340 3327 390 3388 vel
409 3325 561 3407 injustitia
573 3325 645 3385 latae
661 3339 679 3382 a
693 3321 797 3401 priore
813 3319 921 3402 judice
935 3320 1116 3399 sententies,

187 3437 250 3480 non
264 3422 369 3498 potest
385 3419 518 3499 produci
532 3418 565 3479 in
580 3418 710 3491 testem,
734 3433 774 3476 ne
794 3414 827 3476 in
839 3433 935 3477 causa
945 3431 1003 3476 sua
1018 3414 1058 3476 ob
1071 3412 1119 3475 af·

185 3511 355 3574 tectionem
367 3512 407 3575 ad
421 3511 608 3577 senteutiam
622 3527 641 3570 a
653 3526 686 3570 se
701 3509 797 3573 latam
811 3508 852 3572 sit
861 3507 949 3572 testis
964 3506 1117 3588 quodam-
