2578 4012
179 295 239 356 216
396 305 626 354 rusurrusrosns
646 305 729 352 runis
750 303 905 352 maculer.

179 467 256 512 sess.
268 452 300 526 e,
318 447 445 530 deltos„
458 467 486 512 c.
499 452 528 526 I,
545 447 718 510 declaravit
732 447 919 510 canonicum
930 447 1113 526 theologum

180 543 295 604 debera
307 541 451 620 deputari
466 541 498 602 iu
514 541 658 604 omuibus
678 539 817 602 ecelesiis
832 539 1076 617 cathedralibus,
1087 540 1112 602 si

180 635 289 698 civitas
304 636 344 698 sit
353 633 494 713 insignis.

219 729 263 789 De
273 728 425 790 electione
435 726 577 789 canonici
588 727 726 806 theologi
735 726 919 806 idamplane
929 725 1109 803 dicendum,

179 818 324 882 aurariis
339 819 604 882 declarationibus
625 822 657 882 S.
674 820 707 881 G.
725 821 758 880 G.
776 821 808 880 et
831 838 869 878 ex
891 819 1112 882 constitutione

179 912 343 974 Portunalis
351 913 442 994 offleii
452 912 569 974 Beued.
587 914 667 988 lIIII,
680 929 717 973 ac
732 911 770 972 de
784 910 935 973 electione
955 911 1112 991 poeniteu-

179 1005 271 1069 tierli.
288 1005 386 1068 Debet
400 1005 495 1066 etiam
510 1004 582 1083 eligi
598 1005 651 1084 qni
666 1005 706 1066 sit
719 1005 831 1066 doctor
849 1003 882 1064 in
896 1003 1066 1082 theologie.

128 1133 130 1138 ·
217 1102 249 1158 2⁰
264 1096 438 1160 Canonicus
449 1097 592 1175 provisus
611 1097 650 1157 de
663 1097 835 1175 praebenda
851 1096 1021 1174 theologali
1037 1085 1109 1158 cuin

178 1190 319 1252 clausula
331 1189 370 1250 de
384 1189 573 1250 sumendo
586 1189 669 1250 iufra
683 1205 800 1249 anuum
818 1188 919 1268 gradu
938 1187 1110 1267 magisterii

179 1283 210 1344 in
227 1284 259 1344 S.
280 1272 463 1361 The'ologia,
479 1281 512 1342 in
527 1281 634 1362 aliqua
653 1281 826 1360 approbato
840 1280 1052 1357 universitate,
1070 1280 1110 1340 de

174 1375 247 1456 jure
261 1393 324 1437 nou
334 1375 449 1436 sufficit
467 1375 553 1454 quod
574 1373 791 1453 magisterium
805 1373 887 1434 iufra
901 1391 1019 1434 Quum
1033 1371 1110 1434 reci-

179 1467 245 1546 piat
258 1467 372 1546 injure
386 1468 547 1528 canonico.
563 1468 606 1544 (S.
622 1468 655 1528 C.
673 1467 706 1528 G.
724 1470 742 1527 6
756 1466 836 1546 junii
850 1467 1032 1539 turea-Ill
1058 1483 1112 1526 ea-

180 1559 253 1620 dam
268 1561 363 1637 (long.
381 1559 431 1638 (11
449 1559 518 1620 dec.
536 1558 625 1637 1761)
638 1557 820 1636 declaravit,
836 1559 906 1620 loco
930 1558 1111 1620 doctoratus

179 1649 1111 1730 iutheologiasacra,sotisuouessedoctoratumiuutroque

176 1743 249 1825 jure
270 1742 302 1804 in
317 1741 521 1804 universitate
534 1743 701 1822 Sapientiae
716 1743 803 1804 urbis
817 1743 989 1805 obtentum.

218 1839 250 1898 3⁰
264 1835 773 1916 Gououioustheologusltsaltam
786 1836 1112 1916 quotannislectiouas

179 1929 303 2009 publice
315 1928 348 1990 iu
361 1929 493 1992 ccclesia
502 1929 619 1991 haltere
633 1931 758 1990 tenetur
782 1927 980 2008 (Benedictus
994 1930 1064 1990 XIII
1077 1927 1111 1988 in

180 2021 312 2084 concssio
324 2021 485 2101 romanc);
501 2025 533 2084 et
543 2021 655 2084 satisfit
666 2039 723 2083 sno
737 2021 860 2081 muneri
873 2020 938 2080 sive
960 2021 1045 2099 legat
1059 2039 1112 2082 sa-

179 2129 266 2174 crent
277 2114 476 2192 scripturam,
486 2114 552 2175 aive
564 2113 757 2192 theologiam
767 2112 997 2175 scholasticam.
1011 2115 1054 2186 (S.
1072 2114 1107 2174 G.

179 2207 226 2282 (1.,
242 2206 326 2285 apud
339 2204 590 2286 Ferraria.)'Gogi
610 2209 714 2285 potest
727 2223 785 2284 pro
804 2205 932 2270 erbItrio
957 2205 1108 2283 episcopi,

178 2298 247 2361 loco
259 2316 356 2360 sacrae
375 2299 536 2377 scripturae
553 2345 561 2375 ,
577 2299 682 2377 legere
703 2316 792 2359 casus
816 2297 1024 2374 conscientiae,
1053 2315 1110 2357 seu

179 2390 372 2470 theologiam
384 2391 548 2453 moralem.
568 2393 610 2464 IS.
630 2392 663 2452 d.
680 2389 713 2451 G.
726 2393 764 2452 68
776 2395 855 2468 sept.
867 2393 967 2467 1765.)

217 2487 249 2543 10
259 2486 406 2560 Tempus,
423 2484 521 2559 loeus⁷
537 2483 671 2543 materia
683 2483 854 2544 lectionum
868 2481 1038 2545 remittitur
1057 2499 1111 2541 ar-

177 2573 271 2634 bitrio
295 2574 434 2652 episcopi
450 2575 494 2652 (S.
508 2576 541 2636 (l.
569 2575 664 2654 episc.
690 2577 724 2635 ll
739 2575 807 2655 jan.
834 2574 940 2653 l594);
960 2578 993 2635 et
1006 2576 1111 2653 potest

178 2665 342 2746 episcopus
354 2671 492 2728 statuere
507 2669 542 2727 ut
553 2667 701 2728 lectiones
712 2669 788 2731 liant
804 2686 866 2728 nou
890 2667 922 2727 in
935 2665 1110 2728 cathedrali

178 2758 320 2835 ecclesio,
334 2759 389 2820 sed
404 2758 435 2818 iu
448 2759 564 2838 palatiu
584 2760 742 2838 episcopi,
759 2761 895 2821 maxima
915 2759 940 2820 si
957 2759 988 2819 iu
1000 2758 1109 2820 cetha-

178 2851 257 2914 drali
279 2851 320 2912 sit
350 2849 530 2932 infrequens
570 2852 711 2914 canonici
733 2852 865 2932 legentis
904 2850 1105 2914 auditorium.

180 2947 222 3022 (S.
238 2946 272 3006 G.
285 2946 317 3005 (l.
335 2945 369 3004 Il
385 2947 477 3006 mort.
493 2947 595 3016 1661.)

215 3040 248 3099 5⁰
261 3037 330 3098 Nou
344 3039 468 3098 tenetur
487 3042 593 3098 tumes
616 3037 786 3100 muomcus
800 3037 967 3116 theologus
987 3037 1105 3115 lugere,

177 3129 202 3191 si
218 3129 285 3210 ejus
303 3131 516 3190 antecessores
538 3148 699 3210 nunquam
723 3129 856 3209 lugerint
871 3175 879 3206 ,
893 3148 932 3189 ex
955 3147 1018 3208 quo
1044 3146 1107 3188 non

177 3221 301 3284 adesset
313 3222 494 3283 necessitas,
513 3222 557 3302 (S.
576 3223 608 3283 G.
625 3223 754 3300 episc.8
774 3221 848 3282 iunii
865 3221 966 3301 loen.)

216 3315 250 3372 6⁰
269 3315 317 3374 Ad
336 3315 504 3376 lectionem
517 3317 679 3394 sculpturae
704 3332 801 3376 sacrae
821 3314 852 3374 iu
873 3313 1045 3376 cathedrali
1063 3317 1107 3374 te-

177 3409 291 3464 nentur
310 3405 460 3466 accedere
476 3407 617 3470 canonici
638 3411 670 3468 et
690 3407 795 3468 caeteri
815 3406 989 3484 presbyteri
1009 3406 1108 3484 ipsius

177 3494 315 3558 ecclesie
331 3495 529 3573 cathedralis,
541 3501 572 3557 et
589 3499 720 3573 possunt
732 3498 874 3578 componi
891 3498 1104 3577 abepiscopo.
