2586 4020
152 263 223 324 tw.
362 275 592 324 rusurrurronss
612 275 695 324 rurus
717 273 871 323 cononici.

557 447 680 490 ceretium.

190 581 228 641 ll.
253 582 284 640 1⁰
293 580 470 642 Auctoritas
483 584 651 659 protegens
663 598 726 641 non
740 576 884 658 potestin
894 574 1084 637 societatem.

150 675 324 752 protectam
337 673 424 752 leges
438 674 531 750 ferre,
548 675 579 734 et
592 673 681 754 leges
693 671 823 752 hujusce
833 667 990 731 societatis
1004 682 1078 744 pro-

149 765 226 844 priae
249 765 457 844 interpretari,
491 765 659 846 applicare,
686 764 855 842 abrogare,
886 761 926 821 de
950 759 1077 818 illarum

151 857 382 936 opportunitate
399 857 553 937 judicare,
583 858 633 919 vel
661 857 786 916 illarum
808 853 957 914 lationem
978 851 1078 928 impe·
1153 927 1158 932 Ι
1275 917 1276 944 ἶ

150 949 234 1024 dire;
251 949 307 1010 sed
320 949 453 1011 liberam
469 949 618 1012 lationem
633 967 812 1028 procurare,
829 942 1076 1024 interpretationi

150 1041 289 1118 subesse,
307 1041 507 1122 applicationi
528 1043 645 1119 favere,
663 1041 878 1102 executionem
892 1055 1072 1117 procurare.

188 1152 220 1210 2⁰
241 1150 310 1210 Non
324 1151 427 1227 potest
436 1148 601 1228 disponere
616 1147 656 1208 de
668 1147 801 1226 negotiis
813 1149 962 1226 protectae
978 1143 1077 1206 socie·

149 1242 232 1318 tetis,
248 1242 299 1302 vel
315 1260 387 1302 cum
408 1259 446 1302 ea
460 1240 745 1320 comprincipaliter
769 1240 801 1301 in
814 1239 960 1300 eumdem
973 1240 1076 1300 actum

150 1352 353 1408 concurrere;
380 1334 436 1394 scd
454 1333 563 1395 relicta
576 1333 676 1395 libera
697 1333 743 1394 rei
755 1331 957 1412 dispositione
969 1330 1012 1391 illi
1028 1329 1078 1391 cui

150 1428 189 1488 de
204 1427 458 1536 jurecompetit,
475 1425 569 1488 dehet
591 1425 675 1488 hunc
697 1425 830 1488 fideliter
849 1426 880 1485 et
894 1423 1077 1484 secundario

149 1523 348 1692 oogdd'kildidnt
358 1610 514 1690 regalistae
528 1631 534 1672 :
551 1613 639 1672 Tunc
647 1610 794 1689 princeps
809 1610 898 1672 fieret
912 1627 1034 1670 merum
1049 1611 1080 1670 et

150 1722 267 1766 caecum
277 1703 518 1765 instrumentum
529 1703 714 1766 inmanibus
729 1703 891 1776 Ecclesiae;
902 1702 957 1763 sed
966 1701 1019 1782 jus
1034 1703 1080 1762 est
1199 1693 1208 1705 ⁸

148 1797 279 1876 principi
291 1796 434 1878 judicare
450 1795 488 1856 de
511 1795 633 1876 justitie
653 1795 933 1856 administrationis
947 1798 1078 1877 propter

149 1909 245 1970 quam
271 1888 369 1970 judex
396 1888 624 1954 ecclesiasticus
651 1888 798 1967 implorat
832 1887 993 1948 auxilinm.
1027 1886 1079 1948 Sic

148 1983 295 2062 princeps
318 2001 380 2044 non
396 1982 511 2062 poterit
525 1982 692 2044 subvenire
704 1979 836 2059 principi
851 1979 1077 2056 confoederato,

148 2075 207 2136 nisi
218 2077 257 2136 de
266 2075 387 2156 justitia
398 2093 499 2136 causae
510 2073 670 2155 judicarit.
690 2077 782 2152 Resp.
799 2093 806 2134 :

189 2171 222 2229 1⁰
236 2170 307 2248 Ipse
318 2168 487 2229 auctoritas
502 2167 684 2247 imperantis
697 2169 744 2228 est
757 2165 911 2228 motivum
923 2164 1080 2226 sufficiens

148 2261 190 2321 ad
211 2260 425 2339 praestandum
445 2259 522 2321 illud
538 2260 708 2334 auxilium3
725 2259 937 2320 necessarium
951 2275 1015 2318 non
1034 2263 1081 2322 est

147 2353 309 2433 proprium
316 2353 481 2433 judicium.
494 2353 544 2414 Sic
556 2357 590 2414 ut
600 2352 743 2413 subditus
755 2350 982 2413 rationabiliter
992 2354 1077 2430 agat,

147 2465 275 2508 necesse
288 2464 352 2506 non
367 2448 463 2506 estut
481 2445 637 2523 expendat
645 2445 800 2525 justitiam
813 2443 902 2523 legis,
919 2445 970 2504 vel
989 2443 1079 2510 miles

144 2536 297 2617 justitiam
312 2540 343 2596 et
356 2537 622 2614 opportunitatem
634 2536 756 2615 imperii
770 2537 895 2598 ducum.

187 2627 466 2706 2⁰Distinguuntur
480 2628 551 2688 duae
568 2629 688 2706 species
698 2629 900 2708 protectionis
913 2649 919 2690 ;
932 2647 996 2690 una
1007 2646 1078 2689 cum

144 2720 378 2801 jurisdictione,
402 2719 482 2781 sicut
510 2720 659 2800 principis
687 2721 719 2782 in
744 2720 902 2797 subditos,
929 2722 992 2782 alia
1011 2721 1076 2782 sine

144 2811 378 2894 jurisdictione,
404 2816 438 2873 ut
460 2813 638 2893 principum
663 2814 958 2877 confoederatorum.
979 2813 1077 2894 Hujus

147 2905 272 2986 generis
288 2909 334 2968 est
348 2906 501 2985 protectio
516 2907 674 2984 Ecclesia,
695 2908 767 2969 licet
781 2906 834 2968 illa
846 2926 884 2968 ex
898 2907 1077 2971 conventio·

147 2999 238 3061 nibus
249 3000 391 3062 derivata
403 2999 452 3076 sit,
468 2999 536 3060 haec
547 3019 585 3060 ex
591 3000 663 3080 jure
675 3000 809 3062 naturali
827 3004 858 3062 ct
870 2999 986 3061 divino.

186 3109 218 3166 3⁰
233 3107 343 3178 Quoed
366 3110 465 3168 status
487 3108 729 3184 confoederatos,
745 3107 891 3185 princeps
907 3105 1022 3184 poterit
1036 3105 1076 3166 ed

147 3215 279 3259 examen
293 3217 443 3261 revocare
455 3199 608 3281 justitiam
620 3219 733 3276 causae,
746 3199 820 3278 quia
832 3199 898 3260 sola
908 3198 1076 3260 auctoritas

145 3292 336 3351 recurrentis
352 3310 414 3354 nou
431 3292 534 3354 reddit
549 3296 651 3355 tutum
667 3292 705 3352 de
716 3290 837 3372 justitia
851 3290 1073 3370 praetentionis‚

146 3401 204 3443 nee
220 3381 310 3442 adest
327 3383 463 3446 tribunal
479 3386 564 3463 quod
582 3386 698 3446 habeat
712 3383 963 3464 jurisdictionem
982 3401 1076 3462 super

147 3473 372 3553 adversarium,
389 3475 558 3556 etjudicet.
