2586 4020
185 257 243 320 loo
415 270 745 324 1nsn1non1onnsoun1s
767 270 922 323 nuncium.

184 413 418 496 inquisitionem
430 418 534 480 nullus
548 419 689 504 defectus
704 423 867 501 apponent,
884 437 955 500 qum
969 418 1125 481 habilitas-

183 508 304 570 feeilius
319 510 412 572 etiem
435 513 634 590 praesumitur
647 513 679 574 in
699 514 767 596 jam
781 517 947 595 promoto,
967 530 1063 592 quom
1082 511 1114 571 in

186 604 413 682 promovendo.

227 698 305 758 Sunt
327 700 432 759 tomen
447 700 565 779 regulae
585 701 679 781 hujus
700 701 857 782 generalis
877 700 985 763 multae
1004 698 1116 760 limito-

186 789 307 866 tiones,
335 790 380 852 ita
400 794 435 854 ut
456 810 533 852 vero
559 793 598 854 sit
621 793 674 854 illa
687 795 797 874 regulo
813 795 840 855 si
855 794 887 854 in
907 793 1021 854 nullius
1033 790 1115 854 tertii

186 881 405 964 prejudicium
425 891 536 964 verget
558 886 612 946 illa
635 887 857 967 praesumpti03
875 887 926 948 vel
940 886 965 946 si
988 885 1047 964 ipsi
1059 901 1117 964 pro

187 993 249 1056 quo
268 976 540 1056 praesnmitur‚'ex
562 979 616 1040 tali
638 981 883 1061 presumptione
898 977 1117 1060 praejudicium

86 1125 89 1130 .
187 1067 315 1148 aliquod
335 1069 461 1146 otiatur,
479 1075 510 1132 et
524 1071 582 1132 nisi
603 1077 715 1151 agatur
729 1073 768 1133 de
783 1074 900 1150 solute,
916 1078 969 1132 aut
984 1071 1118 1133 utilitote

189 1160 313 1237 animae,
331 1161 384 1222 ubi
404 1163 515 1223 melius
530 1168 596 1242 est,
621 1183 811 1244 praesumere
831 1165 998 1241 delictum,
1023 1181 1118 1242 quom

191 1271 253 1316 non
269 1271 458 1332 praesumcre
469 1256 694 1335 delictum‚aut
704 1257 916 1337 praecedentes
930 1257 1118 1340 conjecturae

191 1346 315 1409 dedolo
330 1365 521 1427 praesumere
533 1349 647 1428 velint,
665 1357 719 1412 out
734 1351 773 1412 de
784 1351 907 1432 justilio
921 1354 1009 1412 notus
1023 1348 1116 1424 facti,

192 1441 321 1520 praecise
345 1443 548 1523 presumptio
567 1445 623 1505 fiet
641 1463 679 1504 ex
704 1443 879 1522 honestate,
901 1448 933 1507 et
953 1440 1122 1523 prudentio

192 1551 335 1612 personae
350 1535 481 1614 egentis.

492 1713 659 1759 Alimentus
694 1713 817 1759 SEXTUS.

496 1817 498 1820 Ι
523 1842 567 1904 De
579 1843 788 1924 jurejurando.

208 1991 218 2044 ς
233 1993 248 2034 Ι.
263 2001 455 2035 oeconomicon
468 2001 494 2035 nt
506 2002 616 2038 nonunt,
629 1977 662 2035 nn
676 2001 754 2034 vlnus
768 2002 927 2043 coniminum,
942 2001 996 2034 nou
1010 1999 1109 2036 nomo,

566 2069 620 2102 uon
634 2069 751 2103 mucium.

236 2179 372 2241 XXXVI.
389 2179 592 2241 duramentum
609 2187 686 2240 recte
703 2178 860 2262 definitur,
879 2177 963 2258 quod
977 2177 1018 2238 sit
1035 2176 1125 2237 invo-

196 2271 276 2332 catio
290 2271 386 2333 divini
397 2272 531 2333 nominis
544 2273 575 2333 in
587 2276 699 2334 testem
708 2293 715 2335 :
724 2273 809 2353 qnod
821 2270 936 2352 duplici
951 2267 1044 2330 modo
1055 2266 1123 2328 fieri

195 2368 316 2444 potest,
333 2367 383 2426 vel
402 2367 605 2444 affirmando,
621 2372 676 2426 out
691 2366 836 2446 negando
852 2364 911 2426 sub
925 2360 1123 2423 invocatione
1224 2402 1226 2406 -

195 2457 293 2518 divini
306 2459 440 2520 nominis
461 2459 493 2519 in
508 2463 636 2536 testem,
652 2463 683 2520 et
703 2460 838 2520 hebetur
848 2457 1063 2539 juramentum
1078 2472 1125 2513 as-

195 2549 351 2627 sertivum·
370 2551 420 2612 vel
435 2551 647 2630 promittendo
663 2551 782 2632 aliquid
797 2570 868 2612 cum
884 2550 1076 2631 juramento,
1093 2549 1125 2608 et

195 2642 330 2703 habetur
342 2643 557 2724 juramentum
566 2645 799 2725 promissorium.
808 2647 914 2706 Potest
925 2647 1031 2704 eutem
1040 2643 1124 2700 Deus

196 2735 228 2796 in
240 2738 351 2796 testem
367 2737 473 2798 vocari
495 2738 650 2818 explicite,
667 2738 718 2799 vel
731 2737 896 2817 implicite,
910 2735 1048 2816 jurando
1064 2733 1125 2794 sci-

139 2886 145 2900 ,
195 2827 269 2890 licet
289 2833 538 2908 perornaturus,
562 2835 716 2911 quotenus
738 2831 770 2891 in
784 2831 845 2892 illis
865 2829 1004 2891 relucent
1018 2830 1122 2900 Deus3

195 2925 326 3002 uterque
336 2922 464 3003 jurandi
474 2923 586 2986 modus
596 2922 698 2988 licitus
713 2930 760 2985 est
769 2923 944 2986 secundum
957 2940 1000 3000 se,
1016 2920 1041 2982 si
1052 2937 1125 2981 suos

194 3006 258 3078 ties
284 3016 415 3078 comites
439 3017 564 3094 hebeat,
588 3018 754 3079 veritatem
776 3016 895 3079 scilicet
918 3016 1033 3096 (utres
1055 3030 1124 3094 quae

191 3109 327 3190 juratur,
342 3129 419 3171 vcro
433 3110 482 3188 sit,
497 3110 562 3172 sive
577 3111 621 3170 ita
635 3129 669 3172 se
688 3111 805 3172 habere
818 3112 955 3188 putetur,
972 3105 1062 3168 sicuti
1073 3105 1126 3186 ju-

195 3202 305 3281 ratur),
323 3202 479 3282 judicium
494 3203 540 3282 (ut
563 3221 625 3264 non
644 3206 762 3264 temere
785 3206 817 3264 et
836 3202 903 3263 sine
922 3199 1123 3276 necessitate,

195 3295 338 3372 utilitate,
356 3314 392 3357 oc
404 3298 457 3376 pie
469 3296 632 3358 effectione
639 3295 786 3376 juretur),
797 3300 828 3358 et
838 3294 961 3377 justitie
975 3292 1123 3373 denique,

195 3386 359 3450 utlioitum
371 3390 489 3451 scilicet
501 3389 551 3467 sit,
569 3408 606 3450 nc
620 3389 798 3468 honestum,
815 3387 898 3470 quod
906 3387 1042 3470 juretur.
1088 3434 1090 3438 .

236 3483 315 3542 Sunt
328 3484 434 3543 autem
444 3481 572 3562 jurandi
587 3481 730 3544 formulec
751 3482 858 3559 voriae,
880 3499 959 3562 quas
973 3479 1075 3558 magis
1088 3496 1125 3538 ex
