2586 4020
536 305 574 352 nn
594 301 733 354 tumens.

563 459 668 518 CAPUT
684 459 718 514 11.

501 603 536 644 ΒΕ
552 601 782 644 exceperamus

436 736 659 784 nemeacus
690 737 844 786 antuus.

459 865 816 949 Deecccpticcedircctc.

213 1016 237 1077 1.
263 1011 342 1088 Quid
357 1011 397 1074 eit
410 1013 552 1093 exceptio,
568 1022 597 1074 et
610 1011 751 1094 quomodo
765 1011 942 1076 dividatur?
955 1017 987 1078 et
997 1016 1037 1078 de
1050 1035 1105 1098 op·

175 1106 276 1188 posite
291 1107 319 1166 ci
333 1104 546 1185 replicatione.
563 1106 712 1184 Exceptio
728 1106 832 1168 stricte
850 1107 934 1172 dicte
953 1108 1106 1188 accipitur

175 1217 232 1280 pro
248 1197 429 1260 defensione
445 1217 498 1262 reo
515 1201 730 1278 competente,
746 1217 803 1280 per
814 1217 912 1281 quam
931 1201 1107 1264 excluditur

175 1290 268 1370 actio,
283 1309 353 1372 quae
364 1291 482 1372 dejure
498 1291 596 1353 actori
610 1295 777 1370 competat.
791 1293 884 1356 Varie
896 1292 945 1354 hee
957 1293 1106 1356 decidun-

175 1389 237 1462 tur,
253 1384 298 1444 ita
311 1389 347 1447 nt
356 1385 425 1446 aliae
441 1384 586 1446 dicantur
600 1384 799 1462 exceptiones
810 1384 962 1446 dilatoriae
978 1389 1010 1448 et
1024 1389 1105 1448 tem

175 1477 309 1558 porales
324 1494 394 1557 quea
411 1477 606 1556 suspendunt
619 1480 753 1553 tantum,
769 1480 801 1537 et
815 1476 963 1539 differunt
983 1478 1025 1538 ad
1039 1497 1093 1540 cer

176 1574 245 1633 tum
266 1575 390 1649 tempus
410 1569 575 1646 actionem,
598 1576 629 1630 et
651 1569 857 1632 intentionem
877 1570 1013 1645 actoris;
1036 1571 1105 1634 aliae

176 1664 240 1726 slnt
263 1662 481 1742 peremptoria
496 1667 536 1740 ‚et
550 1666 710 1743 perpetua
727 1709 735 1740 ,
754 1681 824 1742 qna·
846 1663 959 1726 tollunt
977 1665 1104 1727 omnino

175 1755 369 1839 jusagentis,
387 1760 418 1818 et
426 1755 585 1835 perimunt
596 1755 762 1818 actionem.
780 1755 937 1818 Diletoriae
949 1757 1105 1836 exceptio·

178 1868 234 1911 nes
247 1849 361 1911 iterum
375 1837 617 1910 subdividuntur
629 1848 661 1908 in
676 1848 734 1910 fori
749 1847 979 1925 declinatorias,
999 1851 1039 1911 ob
1057 1849 1105 1911 in-

175 1941 427 2022 competentiam,
441 1959 471 2002 v.
488 1960 533 2020 g.‚
545 1940 671 2021 judicis,
689 1947 743 2002 aut
758 1942 842 2020 quod
858 1947 1021 2022 suspectus
1035 1942 1075 2004 sit
1092 1989 1100 2020 ,

175 2041 229 2096 ant
243 2033 327 2116 qnod
337 2033 440 2094 officio
451 2032 566 2113 judicis
580 2034 669 2114 fungi
684 2051 747 2094 non
757 2035 865 2112 possit,
880 2038 960 2112 eta,
978 2053 1046 2115 quae
1062 2034 1102 2098 ab

173 2128 260 2190 initio
280 2123 343 2188 litis
361 2125 466 2199 statim
483 2126 616 2206 proponi
632 2127 766 2204 dehent,
783 2145 822 2188 ne
846 2127 1014 2190 videantur
1028 2146 1103 2190 con-

172 2221 288 2284 sentire
308 2221 340 2280 in
356 2219 506 2300 judicem.
525 2219 601 2281 Aliae
624 2211 697 2281 sunt
720 2237 789 2299 quae
808 2220 979 2298 respiciunt
997 2239 1102 2300 perso-

173 2331 247 2376 nam
258 2313 418 2394 liligantis,
426 2316 458 2374 et
470 2315 672 2393 opponuntur
685 2313 725 2373 ad
738 2313 860 2373 cumali
871 2312 1101 2392 agendorepel·

172 2407 316 2484 lendum,
346 2406 396 2468 vel
421 2406 462 2466 ad
490 2405 707 2484 repellendum
734 2408 971 2484 procuratorem
997 2425 1004 2467 ε
1030 2405 1099 2468 alia

172 2503 255 2578 sunt,
273 2496 343 2581 qua
363 2497 536 2579 respiciunt
554 2515 698 2575 causam,
714 2497 759 2559 uti
783 2504 831 2560 est
847 2498 987 2578 exceptio
1004 2497 1099 2561 libelli

171 2592 279 2673 inepti,
294 2593 356 2654 litis
370 2591 546 2672 pendentis.

212 2684 356 2750 Secundo
370 2685 552 2747 dividuntur
566 2684 774 2766 exceptiones,
783 2685 867 2766 qnod
880 2685 948 2748 alica
959 2686 1021 2748 sint
1031 2704 1099 2765 per-

171 2780 303 2857 sonales,
320 2797 391 2860 quae
406 2795 573 2857 personam
588 2781 775 2858 sequuntur,
787 2795 920 2858 eamque
935 2779 1099 2858 egrediun·
1172 2833 1175 2841 .

169 2879 241 2951 tur,
265 2876 297 2934 et
311 2871 352 2932 nd
371 2869 513 2932 haeredas
528 2889 590 2932 non
611 2873 785 2947 transeunt,
809 2875 840 2932 et
853 2870 1038 2952 plerumque
1054 2871 1099 2933 xci

170 2966 240 3030 talis
250 2963 618 3042 conventiexceptionem
629 2962 846 3042 competentia
856 2962 1099 3026 habentlteales
1147 3001 1165 3011 --

171 3059 239 3122 alite
255 3077 325 3140 quae
339 3057 384 3119 rei
400 3056 570 3133 coherent,
588 3073 720 3136 eamque
735 3062 927 3135 sequuntur,
945 3069 975 3118 et
991 3074 1098 3118 conse-

171 3157 303 3234 quanter
312 3151 352 3212 ad
364 3150 506 3214 haeredes
517 3153 691 3227 transeunt,
708 3148 752 3210 uti
765 3152 812 3210 est
828 3148 968 3228 exceptio
985 3147 1031 3210 rei
1045 3147 1098 3231 jn-

170 3246 293 3324 dicatee,
310 3248 370 3307 etc.
387 3243 464 3305 Alia
478 3241 675 3321 commixta,
690 3241 778 3323 quasi
792 3242 1012 3322 certoquidem
1025 3261 1097 3322 pera

170 3355 318 3400 senarum
343 3335 450 3418 generi
474 3340 703 3414 competentes,
732 3336 851 3397 ratione
875 3339 981 3398 tamen
1003 3340 1103 3398 celtac-

169 3432 321 3510 materia,
343 3431 389 3492 uti
414 3431 461 3490 eet
478 3429 618 3508 exceptio
643 3428 903 3492 senatusconsulti
924 3427 1095 3506 Velleiani,

170 3524 283 3606 quibus
297 3521 490 3586 succurritur
502 3521 696 3600 mulieribus
708 3521 735 3582 si
749 3541 806 3602 pen
820 3540 909 3584 suam
924 3521 1097 3602 fidejussio-
