2584 4022
561 269 600 322 on
620 271 758 323 sumens.
1083 239 1133 324 'ss

205 415 279 496 quie
287 414 499 495 depositiones
508 414 619 476 talium
630 417 757 478 testium
766 416 898 480 diversae
911 419 1038 500 quidem
1048 427 1131 500 sunt,

204 509 245 570 ad
258 508 394 570 eundem
408 513 513 568 tomen
527 509 622 569 finem
635 510 782 588 tendunt,
798 517 833 572 ut
845 509 871 572 si
886 510 925 572 de
938 513 1133 592 possessione
1171 558 1174 564 .

204 601 271 682 egri
286 601 327 662 sit
341 600 482 681 questio,
500 606 531 661 et
544 604 677 664 testetur
688 621 769 664 unus
780 603 896 665 vidisse
908 623 941 666 se
951 605 1067 667 Titium
1085 625 1135 668 se-

203 695 339 756 minasse
360 710 472 773 agrurn
492 693 602 770 telem,
627 695 705 755 alius
726 714 801 758 uero
819 699 952 758 testetur
964 697 1079 759 vidisse
1100 718 1134 760 se

204 789 288 868 qnod
301 787 399 849 Titius
414 787 497 847 huno
508 786 612 866 ipsum
625 805 737 866 ugrum
748 789 924 852 messuerit.
939 790 993 850 His
1007 777 1132 870 notatis

130 909 133 918 ·
244 883 371 943 Certum
387 885 434 940 est
446 879 569 958 primo,
591 883 685 943 testes
701 885 735 944 ut
747 881 874 962 plenam
887 881 982 943 fidem
1005 883 1133 962 faciant,

203 992 265 1036 non
293 973 408 1034 dehere
434 990 501 1032 esso
522 972 707 1052 singulares
736 974 905 1052 contraria,
930 975 981 1037 vel
1009 974 1134 1038 diversa

203 1084 331 1148 prorsus
344 1065 557 1143 testificantes,
568 1066 624 1127 sed
638 1066 754 1128 dehere
765 1085 832 1128 esse
848 1073 1003 1130 euntestes
1017 1067 1056 1130 de
1070 1086 1132 1130 uno

202 1159 375 1238 eodemque
389 1157 471 1218 faoto
485 1158 518 1218 in
534 1158 636 1236 speeie
650 1159 868 1238 testificantes,
884 1160 929 1220 ite
943 1167 977 1222 nt
991 1179 1054 1222 non
1065 1166 1132 1222 tan-

201 1258 268 1315 tum
281 1252 314 1311 in
328 1249 501 1312 substantia
510 1249 614 1312 delioti
630 1251 797 1312 convenire
813 1252 949 1317 debeant
958 1258 1065 1330 testes,
1078 1253 1134 1316 sed

154 1334 156 1338 ’
201 1344 386 1421 intempore
403 1343 498 1404 etium
513 1349 544 1404 et
555 1335 637 1420 loeo,
658 1349 731 1420 eta,
748 1350 784 1405 ut
794 1345 920 1423 plenam
933 1345 973 1406 ed
986 1345 1135 1408 oondem-

202 1437 343 1498 nandum
365 1454 456 1497 reum
476 1439 507 1498 et
520 1435 716 1515 puniendum
740 1455 835 1516 poena
856 1437 1014 1498 ordinaria
1037 1436 1134 1498 fidem

201 1530 327 1591 facient.
336 1531 582 1591 Possunttamen
590 1547 740 1609 magnam
748 1536 857 1592 eontra
865 1549 1132 1610 reumprsesump·

201 1623 319 1684 tionem
333 1622 452 1700 faeere,
473 1622 498 1683 si
512 1622 551 1683 de
564 1622 695 1684 diversis
711 1623 830 1686 autibus
853 1623 976 1691 diuerso
990 1630 1133 1704 tempore

200 1715 291 1776 factis
315 1714 492 1793 deponant3
516 1721 549 1776 et
566 1715 592 1775 si
617 1714 777 1794 deponant
802 1715 842 1776 de
859 1715 990 1778 diversis
1005 1715 1133 1796 quidem

202 1808 333 1884 astibus,
351 1813 459 1869 mutuo
485 1814 640 1869 tamense
663 1807 904 1890 adjuvantibus,
924 1815 1056 1888 possunt
1070 1827 1133 1872 non

201 1907 324 1962 tantum
336 1901 369 1962 in
382 1901 483 1962 oensis
494 1901 637 1962 civilibus
646 1902 737 1982 plene
748 1919 974 1983 nonnunquam
984 1901 1129 1981 probare,
1233 1913 1235 1916 ·

202 1994 258 2054 sed
280 1993 375 2054 etiam
398 1993 430 2054 in
449 1993 551 2054 oensis
575 1993 804 2071 criminalibus,
822 2000 857 2055 ut
871 1995 896 2055 si
917 1997 1077 2074 quaeratur
1092 1993 1131 2055 de

202 2090 273 2148 aetn
285 2105 343 2148 sua
354 2093 467 2148 natura
476 2087 662 2164 successivo,
678 2087 882 2165 veliterebili‚
894 2087 984 2150 ethio
997 2094 1131 2150 testetur

199 2199 233 2240 se
247 2179 341 2240 hodie
356 2179 470 2242 vidisse
490 2179 523 2240 in
537 2179 594 2241 tali
606 2179 694 2254 loeo,
716 2199 746 2242 v.
763 2199 809 2260 g.‚
826 2181 953 2257 Titium,
975 2181 1054 2242 alter
1067 2184 1132 2242 tes-

200 2277 296 2349 tatur,
304 2273 403 2334 altero
412 2291 445 2333 se
456 2271 506 2332 die
514 2271 669 2333 ineodem
679 2273 747 2333 loeo
755 2272 871 2333 vidisse
880 2291 912 2332 se
920 2271 1047 2349 Titium,
1055 2277 1129 2350 eto„

200 2366 252 2427 vel
266 2365 292 2426 si
311 2371 456 2442 testetur,
471 2362 539 2441 hio,
560 2381 597 2423 ex
613 2363 705 2425 oooisi
718 2364 812 2425 domo
823 2364 985 2425 turbatum
999 2363 1083 2426 exire
1098 2383 1131 2426 se

200 2458 314 2520 vidisse
342 2458 480 2535 Titium,
510 2456 589 2518 alter
613 2459 745 2517 testetur
762 2456 877 2518 vidisse
900 2473 934 2518 se
957 2455 1131 2538 fugientem

201 2551 327 2614 Titium.
345 2551 467 2612 Tertius
488 2553 622 2612 testetur
637 2548 676 2610 de
690 2549 799 2628 occisi,
821 2553 852 2612 et
871 2549 943 2612 'sini
960 2551 1057 2630 longa
1072 2549 1132 2622 ini·

201 2643 329 2706 micitia.

277 2764 293 2817 ·ς
307 2763 344 2806 ΙΙΙ.
358 2772 390 2805 nr
403 2771 570 2806 raonuerrons
583 2773 613 2806 nr
627 2772 774 2808 arcemone
785 2773 899 2812 nestun,
913 2771 1048 2816 manzone

569 2839 761 2874 ΙΧΔΜΙΠΛΤΙΟΜ.

240 2923 336 2984 XXII.
363 2920 483 2996 Quando
491 2921 675 3004 producendi
684 2931 713 2984 et
726 2920 887 3002 reeipiendi
897 2921 956 2982 sint
971 2919 1073 2982 testes?
1085 2923 1132 2982 Ex

200 3015 290 3081 dietis
298 3013 366 3096 jam
380 3017 466 3094 patet
490 3014 675 3094 regulariter
689 3007 816 3095 quidem
843 3017 874 3076 et
888 3013 1045 3076 ordinarie
1058 3031 1131 3092 pro·

199 3107 360 3170 ducendos
384 3125 422 3168 ao
441 3107 638 3187 ,recipiendos
665 3111 760 3169 testes
781 3125 849 3168 esse
871 3109 942 3185 post
954 3106 1042 3168 litem
1056 3124 1131 3169 oon-

199 3203 355 3274 testotam,
365 3200 471 3278 plures
489 3205 595 3262 tamen
619 3217 685 3260 esse
701 3217 811 3260 aenens
826 3202 856 3260 et
867 3216 957 3260 ossus
969 3198 1001 3260 in
1017 3199 1130 3280 quibus

198 3292 329 3373 produci
353 3295 384 3355 et
395 3293 492 3372 reoipi
505 3299 634 3372 possunt
644 3296 737 3355 testes
748 3293 844 3356 etium
853 3298 925 3354 ante
937 3291 999 3355 litis
1010 3297 1129 3356 contes-

198 3386 360 3449 tationem.
378 3388 512 3449 Possunt
525 3389 631 3448 tamen
645 3404 720 3450 orsu
734 3404 797 3468 quo
820 3389 961 3467 tempore
972 3386 1045 3450 letae
1060 3404 1132 3448 sen-

199 3477 304 3542 tentiae
329 3481 423 3542 testes
446 3479 574 3560 quidem
597 3479 728 3545 adhibiti
760 3480 898 3559 fuerunt,
927 3479 983 3544 sed
1010 3479 1132 3542 nullum
