2586 4020
389 295 434 354 ‚un
456 293 593 338 uxuunno
615 292 765 338 nocensne
786 290 890 336 sruuu.
1050 273 1106 332 193

220 439 251 498 2⁰
276 437 497 498 Exeoutionem
522 436 602 517 juris
624 436 664 496 ab
688 454 725 495 ea
739 435 860 514 velpro
883 452 920 494 ea
945 431 1103 495 eonstitut'

180 530 231 590 vel
240 530 343 610 quoad
353 548 503 610 personas
514 531 563 590 vel
577 529 680 610 quoad
694 547 755 589 rea.

524 700 679 762 iizeoremo
692 700 754 761 III.

222 877 258 938 V.
276 874 425 936 Proteetio
435 875 487 936 dot
507 873 609 934 bonum
621 873 879 956 praesumptionem
892 873 1026 934 mundati
1038 893 1107 933 oue-

182 969 300 1028 torituti
324 968 493 1048 protepeuti
514 986 552 1028 eo:
578 975 668 1048 porte
691 966 1046 1047 auetoritatisprotectae,
1074 975 1108 1027 ut

179 1060 317 1120 nonnullo
328 1068 398 1140 opat
411 1050 476 1140 qicoe
487 1067 578 1120 essent
592 1059 626 1120 de
643 1060 833 1140 competentia
842 1066 986 1139 protectae
1007 1067 1106 1119 aucto-

179 1153 289 1213 nitatis.

218 1247 319 1307 Ratio.
334 1246 551 1326 Unusquisque
574 1249 719 1308 consetur
740 1247 873 1324 probare
886 1245 918 1305 id
934 1245 1019 1324 quod
1033 1265 1103 1307 ver-

180 1339 225 1418 git
241 1339 272 1398 in
287 1339 446 1418 propriam
458 1339 640 1410 utilitatem
665 1338 719 1398 sed
740 1338 820 1400 aetio
835 1337 1036 1418 protectionis
1050 1355 1107 1398 na-

179 1435 251 1492 tura
265 1450 322 1493 sua
336 1432 538 1493 ordinaturin
553 1433 692 1493 favorem
705 1433 736 1492 et
745 1431 908 1493 utilitatem
921 1429 1064 1509 protecti.

585 1579 708 1620 Corollaria.

219 1697 301 1774 Ergo
316 1696 376 1756 nisi
394 1696 513 1774 aliquid
531 1697 612 1758 obsit
623 1697 696 1758 huie
707 1697 953 1776 praesumptioni,
969 1715 1017 1758 ex.
1041 1717 1103 1777 gn,

180 1790 264 1869 quod
276 1789 422 1868 princeps
433 1789 505 1870 jure
523 1790 651 1869 proprio
670 1809 765 1868 agore
779 1793 949 1870 praesumat
962 1791 1012 1852 vel
1032 1795 1106 1869 agat

178 1882 210 1942 in
237 1881 454 1960 praejudieium
474 1883 631 1957 Ecclesia,
662 1883 712 1942 vel
740 1881 939 1944 dissentiente
965 1885 1104 1943 etreola-

178 1979 283 2040 manto
295 1975 443 2052 Ecclesia,
457 1975 507 2035 vel
517 1979 638 2036 tacente
648 1975 773 2054 quidem
783 1976 838 2036 sed
849 1977 922 2056 quia
932 1977 1103 2037 reolamare

179 2085 242 2126 non
254 2070 366 2144 potest,
391 2085 453 2128 uno
471 2068 578 2144 verbo,
605 2067 664 2128 nisi
680 2067 719 2129 ob
734 2067 871 2148 aliquam
893 2087 1019 2130 oausam
1035 2069 1103 2138 haee

178 2159 379 2237 praesumptio
391 2163 526 2237 corruat,
539 2160 667 2222 concedi
677 2163 779 2239 potest
789 2161 828 2221 de
839 2162 989 2224 mandato
998 2162 1102 2223 Euole-

175 2251 228 2312 siee
244 2251 349 2330 aliqua
370 2253 450 2314 aetio
474 2253 506 2313 in
527 2271 561 2314 re
577 2252 785 2314 ecelesiastica
800 2253 933 2332 principi
951 2258 1102 2333 tanquam

174 2344 342 2423 protectori
366 2345 523 2406 Ecclesia.
548 2345 623 2408 Vioe
649 2364 754 2423 versa,
775 2346 859 2406 idem
881 2345 932 2426 jus
953 2347 1099 2424 praesumi

174 2440 279 2514 posset
297 2456 354 2515 pro
374 2438 559 2500 auctoritate
579 2438 789 2500 eeclesiastico
812 2439 1015 2501 adtuendam
1029 2458 1100 2500 eon-

174 2529 422 2610 servandamque
438 2531 560 2592 civilem
571 2532 807 2610 rempublicam.

214 2622 246 2684 Si
260 2641 375 2683 munus
387 2623 572 2702 protectoris
587 2625 640 2684 dat
654 2625 930 2704 praesumptionem
945 2626 1096 2703 mandati,

172 2714 270 2776 multo
290 2715 390 2794 magis
403 2715 491 2794 pouit
511 2717 542 2776 in
558 2721 640 2778 statu
662 2718 833 2796 reeipiendi
851 2717 943 2799 hujus
958 2719 1097 2780 mandati

173 2808 223 2868 uel
237 2808 385 2886 expressi,
401 2809 450 2869 vel
461 2809 596 2870 taeitiah
611 2811 795 2872 auotoritato
805 2816 955 2888 protecta.
