2586 4020
179 299 237 362 152
408 311 639 362 rrsrrrurronus
659 313 742 360 rurus
764 312 919 360 canorum.

176 460 246 539 fuit,
270 462 301 522 et
325 463 562 542 consequenter,
589 466 624 521 ut
645 459 706 522 hoo
728 461 890 540 appareat,
914 477 952 519 ex
975 457 1112 539 antiquis

177 557 300 618 tantum
310 554 558 634 probationibus,
575 557 606 614 et
620 554 698 614 actis
706 553 878 633 proaedere
891 554 1004 631 potest,
1020 551 1111 614 siauti

177 649 217 712 de
233 647 442 728 appellatione
461 647 501 709 ab
525 647 762 708 interlocutoria
790 645 923 725 dietum,
947 645 1004 707 sed
1026 645 1110 725 quod

177 745 286 804 eontra
311 741 415 819 ipsum
439 740 677 820 pronuntiatum
696 739 746 816 sit,
764 743 796 801 et
821 742 925 819 speret
947 737 1110 801 meliorem
1183 796 1185 800 .

175 834 363 898 sententiam
377 833 518 898 obtinere
534 835 618 912 apud
630 833 771 914 judiuem
785 831 1020 912 appellationis;
1038 851 1109 912 quae

176 927 237 991 diei
253 927 348 990 etiam
365 929 496 1005 possunt
510 917 548 986 d'e
568 925 778 1006 appellatione
799 925 839 987 ab
859 925 1106 1001 interlocutoria,

175 1039 244 1104 quae
258 1020 322 1082 vim
337 1019 504 1080 definitivae
519 1018 625 1081 habet.

214 1115 249 1174 lu
265 1112 376 1174 eadem
392 1129 516 1172 eausaa
530 1111 685 1174 sententia
701 1111 862 1174 definitiva
875 1109 923 1171 his
937 1129 957 1171 a
971 1111 1109 1191 qualibet

173 1204 365 1285 litigantium
379 1208 468 1284 parte
485 1205 636 1284 appellari
650 1208 754 1284 potest
770 1206 820 1284 (ne
834 1204 1016 1282 permultas
1030 1203 1109 1264 suili-

174 1303 224 1365 oet
237 1298 463 1379 appellationes
486 1298 556 1360 lites
579 1299 657 1360 fiant
675 1297 860 1378 perpetuae),
879 1296 937 1358 nisi
953 1315 1046 1376 super
1061 1295 1108 1357 di-

171 1393 270 1454 versis
285 1392 425 1454 articulis
438 1392 468 1452 in
487 1391 597 1451 eadam
614 1382 710 1453 eausa
721 1391 836 1471 saepius
850 1389 1036 1470 gravaretur
1049 1389 1106 1451 ali·

172 1485 252 1565 quis,
270 1503 331 1568 quo
353 1485 385 1547 in
407 1504 481 1546 aasu
512 1485 636 1564 (saltem
653 1483 780 1565 dejure
806 1482 969 1564 canoniea)
993 1483 1106 1564 saepius

172 1578 331 1659 appellare
345 1581 449 1658 potest
461 1595 556 1657 super
571 1576 703 1638 diversis
715 1576 963 1657 gravaminibus

291 1723 302 1777 ς
317 1708 352 1768 vt,
367 1734 398 1764 ur
411 1731 570 1771 rauroniuua,
580 1731 624 1764 sau
637 1733 766 1766 siraninus
779 1733 987 1766 arrrrnurroruu.

211 1843 291 1905 XVI.
311 1840 431 1904 Fatalia
452 1841 599 1903 dicuntur
618 1843 672 1903 illa
692 1845 836 1922 tempora
854 1843 966 1924 quibus
995 1843 1107 1924 elapsis

171 1936 317 2012 facultas
330 1954 400 2016 quoe
412 1935 590 2014 appellandi
602 1954 698 1996 nausa
714 1951 863 1998 concessa
872 1939 928 2014 est,
937 1935 1104 2013 intercidit,

172 2033 203 2091 et
218 2029 425 2108 extinguitur;
442 2029 517 2090 talia
531 2028 639 2090 fatalia
654 2033 726 2091 sunt
737 2037 892 2110 quatuor:
911 2031 1047 2109 primum
1060 2033 1107 2094 est

170 2127 297 2200 tempus
324 2121 562 2202 interponendae
597 2123 829 2202 appellationis3
864 2123 1036 2184 seeundum
1060 2127 1107 2185 ast

171 2203 296 2296 tempus
311 2216 449 2294 petendi,
467 2219 499 2276 et
514 2216 705 2278 oonaedendi
721 2217 898 2295 apostolos3
922 2218 1046 2279 tertium
1059 2220 1106 2279 est

171 2311 297 2389 tempus
307 2309 529 2389 praesentandi,
539 2327 594 2370 seu
608 2309 760 2371 offerendi
769 2310 937 2390 praediatus
948 2311 1105 2391 apostolos

168 2401 271 2482 judici
285 2403 325 2462 ad
340 2421 453 2483 quem3
472 2407 618 2482 quartum
643 2406 690 2466 ast
712 2406 836 2482 tempus
861 2404 901 2465 ad
916 2422 1104 2484 prosequeu·
1197 2476 1200 2480 ,

173 2494 258 2571 dam,
277 2498 308 2555 et
321 2494 493 2555 finiendam
508 2497 750 2574 appellationem
763 2515 956 2558 conoessum.

212 2588 242 2645 l⁰
254 2584 299 2646 De
308 2593 435 2668 tempora
450 2587 666 2668 interponendae
678 2589 893 2671 appellationis.
911 2593 955 2652 De
964 2591 1035 2671 jure
1047 2609 1105 2652 an-

170 2679 258 2759 tiquo
284 2679 508 2758 appellandum
531 2681 634 2745 luerat
657 2683 688 2744 in
709 2702 804 2744 eausa
818 2684 946 2764 propria
960 2684 1043 2745 intra
1056 2683 1105 2744 bi-

172 2771 288 2846 duum;
305 2771 337 2832 iu
349 2791 444 2834 eausa
457 2775 570 2851 aliana,
590 2795 646 2837 sau
660 2777 876 2855 proouratorio
888 2777 1012 2839 nomine
1021 2777 1103 2837 intra

170 2865 321 2945 triduum,
337 2885 356 2928 a
370 2868 544 2946 prolatione
560 2871 721 2934 sententiae
736 2871 967 2931 numerandum
985 2891 991 2931 :
1009 2871 1102 2932 hodia
1207 2879 1209 2883 ’

170 2963 277 3022 tamen
296 2960 367 3041 jure
390 2979 471 3023 novo
495 2961 577 3024 intra
601 2964 710 3024 deeem
726 2964 792 3024 dias
811 2983 830 3024 a
850 2964 899 3024 die
912 2965 1103 3044 gravaminis

171 3053 247 3115 illati
270 3054 364 3115 etiam
386 3054 640 3136 extrajudiaialis,
666 3057 807 3118 vallatae
829 3059 992 3120 sententiaa
1010 3059 1104 3120 etiam

171 3145 413 3208 interlocutoriae
426 3149 544 3210 utiliter
556 3150 776 3229 appellabitur,
791 3153 925 3230 utroque
938 3151 1008 3232 jure
1024 3155 1104 3212 tam-

171 3256 229 3317 pus
245 3239 305 3300 hoe
320 3242 526 3320 approbante,
544 3243 585 3305 ad
600 3243 774 3305 cavendam
789 3245 908 3306 scilieet
919 3245 1021 3305 litium
1030 3249 1104 3326 pro-

171 3329 396 3411 langationam,
424 3341 455 3396 et
476 3335 666 3416 litigantium
688 3337 813 3398 damna.
840 3339 895 3399 Est
916 3344 1020 3400 autem
1043 3339 1103 3402 hoo

171 3427 295 3501 tempus
323 3424 478 3504 decennii,
495 3429 578 3488 intra
593 3430 677 3509 quod
689 3429 757 3489 fieri
774 3429 868 3492 debet
878 3432 1059 3512 appellatio,
1070 3433 1102 3494 in

172 3515 325 3595 principio
340 3516 426 3593 utile,
448 3519 479 3578 in
494 3537 663 3598 progressu
680 3527 787 3582 tamen
800 3523 994 3601 continuum,
1009 3524 1053 3586 ita
1068 3529 1102 3588 ut
