2586 4020
415 280 454 334 na
475 281 615 332 nxuuuuo
636 279 789 332 accensum
805 281 911 334 scaro.
1068 263 1125 330 loo

194 429 372 494 stitutiones
386 449 442 492 seu
457 429 629 511 rescripta,
651 429 698 491 vel
715 429 934 510 dispositiones
948 427 1122 510 generales,

195 525 261 587 aive
273 524 334 586 sint
345 523 560 604 disciplinares
572 525 622 585 vel
638 522 733 584 etiam
748 522 951 602 dogmatica,
968 521 1027 584 nisi
1042 523 1126 601 prin-

195 617 279 697 cipes
300 617 509 696 permiserint.
527 619 600 677 Haec
621 616 785 695 permissio
797 615 959 691 Placitum,
976 614 1126 676 Placitum

194 710 319 790 regium,
335 710 525 792 Eaequctur‚
542 708 668 789 Regium
683 716 826 790 pareatur
840 708 963 770 dicitur.

206 807 209 814 '
235 806 343 884 Neque
359 801 539 883 hujusmodi
549 801 602 882 jus
623 803 732 863 subeo
759 802 862 864 colora
885 801 1048 863 inductum
1068 801 1127 864 fuit

196 897 280 978 qnod
299 895 434 977 politica
452 895 594 957 societati
614 894 725 958 liceret
742 894 850 956 videre
872 912 912 955 an
931 893 1126 974 disposition

165 1025 168 1031 ·
195 989 337 1070 legitima
359 978 544 1052 auctoritate
566 987 737 1068 prodierit,
763 988 818 1049 scd
840 993 875 1048 ut
896 987 936 1048 de
957 987 1002 1048 rei
1030 987 1126 1067 ipsius

197 1082 431 1163 opportunitate
446 1080 643 1163 dijudicaret,
656 1084 688 1142 et
702 1081 746 1143 ita
761 1080 904 1142 deliniret
918 1099 959 1141 an
972 1079 1126 1159 publicari

198 1176 312 1238 debeat
328 1193 445 1249 necne;
458 1193 516 1236 nec
529 1174 683 1256 ejusmodi
694 1173 747 1256 jus
756 1173 832 1254 ipsis
846 1173 1045 1236 tribuebatur
1056 1177 1128 1236 tan-

198 1287 293 1350 qusm
306 1286 343 1328 ex
356 1267 490 1346 positivo
501 1267 695 1337 auctoritatis
705 1266 922 1329 ecclesiastica
932 1267 1059 1346 placito,
1072 1267 1128 1328 sed

196 1365 346 1442 tanquam
362 1379 400 1422 ex
416 1363 529 1423 natura
542 1359 731 1440 majestatis,
749 1359 838 1440 cujus
859 1361 907 1422 est
920 1360 1074 1441 inspicere
1097 1362 1129 1422 et

196 1472 308 1517 cavere
323 1472 362 1514 nc
374 1453 552 1531 respublica
563 1453 787 1532 detrimentum
798 1453 913 1532 capiat.
931 1454 1009 1516 Cum
1020 1451 1127 1532 hujus·

194 1548 281 1610 modi
305 1548 455 1610 doctrinae
477 1546 693 1609 lauscnisticae
721 1546 960 1626 prevaluissent,
987 1545 1128 1608 Ecclesia

195 1641 282 1723 pacis
290 1640 516 1703 amoremaluit
529 1641 644 1720 potius,
652 1640 752 1720 pactis
761 1641 923 1703 conventis
937 1659 1010 1702 cum
1020 1638 1127 1702 saculi

195 1735 401 1815 principibus,
415 1731 476 1795 hoc
489 1733 543 1814 jus
563 1733 722 1796 moderari
747 1753 844 1815 quam
868 1734 913 1795 illi
928 1752 1001 1796 cum
1025 1731 1126 1814 pejori

195 1829 373 1909 principum
394 1831 425 1890 et
437 1828 626 1908 populorum
640 1827 778 1908 pernicie
790 1829 933 1903 obstare;
949 1828 1053 1906 potius
1070 1844 1127 1888 vo-

194 1922 253 1984 luit
279 1921 415 2001 benigne
439 1920 633 2000 principibus
654 1939 692 1982 ca
711 1921 898 1998 concedere,
916 1919 1127 2000 quamsinere

197 2021 232 2076 ut
245 2015 373 2095 proprio
388 2017 489 2076 marte
514 2033 552 2076 ea
568 2014 627 2076 sibi
647 2015 834 2093 usurpantes
855 2015 967 2076 flerent
980 2012 1129 2075 schisma-

197 2107 262 2170 tici.

127 2185 132 2194 ⁸
237 2203 289 2264 lll.
319 2203 408 2263 Nunc
433 2220 496 2263 non
519 2202 551 2262 in
572 2204 730 2279 concreto,
754 2191 867 2262 sedin
888 2201 1129 2264 abstracturam

199 2294 446 2374 contemplantes
461 2311 638 2382 queremus
652 2296 758 2356 utrum
775 2313 814 2354 ex
827 2297 940 2356 natura
956 2293 1131 2375 majestatis

200 2387 349 2467 competit
359 2385 421 2448 tale
432 2386 485 2466 jus
499 2385 658 2467 principi?
1160 2386 1163 2392 ’

239 2481 296 2542 Jus
310 2479 407 2542 habet
420 2479 561 2542 Ecclesia
574 2480 756 2543 adliberum
771 2484 802 2542 et
810 2481 1026 2562 independens
1041 2496 1129 2542 exer-

199 2571 308 2634 citium
319 2572 367 2634 cui
382 2572 553 2651 magisterii
567 2575 599 2636 et
612 2573 788 2654 regiminis;
805 2574 893 2655 atqui
900 2575 961 2640 hoc
975 2574 1130 2637 Placitum

198 2666 321 2745 regium
332 2669 381 2728 est
396 2665 588 2729 contrarium
603 2667 676 2728 huic
690 2667 963 2747 independentiae‚
988 2671 1019 2731 et
1037 2667 1130 2729 liber·

199 2759 267 2821 tati.
289 2760 393 2840 Ergo:
1043 2777 1050 2786 ’

239 2851 339 2914 Unica
360 2851 527 2914 difficultas
551 2871 621 2933 quae
641 2853 748 2934 aliqua
766 2855 869 2935 specie
891 2855 1032 2916 veritatis
1062 2855 1130 2915 fieri

199 2949 315 3027 posset,
327 2945 395 3007 haec
405 2949 452 3008 est
462 2944 547 3026 quod
559 2945 652 3007 liceat
662 2947 794 3027 principi
807 2947 962 3026 inspicere
973 2951 1004 3010 et
1018 2965 1130 3008 cavere

199 3057 239 3100 nc
253 3038 380 3100 velsuae
408 3037 580 3120 majestatis
601 3038 675 3119 jura
699 3039 855 3101 laedantur
878 3040 928 3101 vel
954 3038 1132 3118 respublica

200 3131 424 3193 detrimentum
446 3131 564 3210 capiat3
591 3131 678 3212 atqui
701 3135 870 3212 utrumque
893 3136 999 3211 posset
1022 3149 1131 3212 prove·

200 3225 268 3286 nire
279 3243 318 3285 ex
331 3224 433 3286 libera
451 3223 703 3306 promulgatione
714 3225 821 3305 legum
836 3225 1129 3288 ecclesiasticarum.

200 3319 284 3397 Ergo
308 3338 315 3380 ε
336 3317 502 3397 primum,
538 3316 694 3398 siquidem
727 3317 939 3380 ecclesiastica
971 3318 1132 3399 dispositio

201 3411 370 3473 decernere
385 3415 492 3491 posset
505 3411 544 3473 dc
557 3429 591 3471 re
602 3429 671 3492 quae
682 3429 744 3472 non
764 3410 804 3474 sit
817 3429 881 3473 suae
893 3413 1109 3492 competentiae
1123 3432 1131 3487 ;

201 3504 386 3583 secundum,
403 3503 560 3588 siquidem
570 3504 645 3568 licet
658 3503 806 3590 disponat
817 3505 857 3568 dc
874 3523 908 3570 re
928 3523 993 3568 suae
1007 3523 1133 3590 compo·

290 3625 355 3676 ron.
371 3626 409 3674 ru.
994 3615 1027 3676 ¹0
