2584 4022
174 252 213 316 lt
368 261 703 312 rusrrrorrorvmrurrs
724 264 881 312 ornemur.

170 413 269 473 strare
281 425 344 470 uon
357 410 475 488 potest,
495 411 527 471 et
547 395 691 488 quemvis
705 407 744 468 de
755 407 828 488 jure
847 407 976 472 sortitus
990 408 1031 471 sit
1045 409 1101 472 do-

171 501 320 564 micilium
341 501 489 582 originis,
518 501 603 583 quod
632 500 828 564 immutabile
851 501 968 564 dieitur
989 502 1102 584 (neque

171 595 255 657 enim
267 594 365 678 quiin
383 595 538 673 hocloco,
556 615 586 658 v.
604 613 649 676 3.,
667 598 759 656 rietus
774 599 832 672 est,
845 611 907 657 non
918 598 1020 675 potest
1034 611 1101 656 csse

170 687 339 768 uliqueudo
360 689 392 749 in
410 688 553 750 hocloco
568 705 631 750 non
646 687 762 767 natus),
780 688 973 750 domicilium
996 692 1102 750 temen
1124 751 1132 764 ,

171 779 372 842 habitationis
396 781 502 860 quoad
514 817 516 824 ,
522 779 774 861 jurisdictionem
789 779 972 860 profertum
999 786 1031 843 et
1051 799 1102 841 re·

170 875 262 954 cepto
273 873 391 953 passim
409 873 603 938 consuetudo
617 873 730 948 hebet,
747 875 782 934 ut
799 875 920 932 mutato
943 872 1099 936 domicilio

171 985 209 1028 ex
221 966 290 1029 loco
306 964 434 1046 originis
444 965 476 1028 in
491 965 587 1036 olium
599 966 715 1042 locum,
724 963 798 1044 juro
813 963 909 1026 ctiam
922 965 1097 1044 originalia,
1180 1017 1183 1024 .

171 1059 275 1139 quoad
300 1058 421 1138 officie,
444 1075 577 1120 munere
596 1062 628 1121 ct
645 1057 882 1138 praestationes,
909 1062 984 1135 oto,
1008 1057 1101 1120 omit-

169 1154 288 1216 tantur.

209 1243 407 1308 Domicilium
419 1243 710 1307 habitationis-vcro
725 1244 769 1305 ibi
781 1249 928 1307 censetur
951 1244 1022 1324 quie
1042 1244 1099 1306 bu-

168 1339 256 1416 bere,
269 1337 323 1400 ubi
337 1340 410 1400 actu
422 1337 554 1416 habitet,
571 1340 603 1400 et
616 1337 757 1400 animum
772 1337 870 1400 habet
882 1336 1099 1418 permanendi,

170 1431 229 1494 nisi
244 1427 319 1512 quid
334 1435 496 1508 occurrat,
510 1430 596 1511 quod
620 1430 761 1506 culmum
782 1430 865 1492 illius
876 1429 1042 1518 immutet,
1058 1429 1103 1491 ite

169 1529 205 1586 ut
229 1525 292 1587 duo
315 1523 517 1602 requirantur
541 1523 579 1584 od
607 1523 859 1586 constituendum
886 1522 1099 1598 domicilium,

171 1616 300 1680 actualis
311 1614 431 1678 scilicet
443 1615 596 1678 bnbitutio
614 1615 736 1696 (saltem
750 1615 909 1695 inchoato)
926 1619 957 1677 et
976 1615 1101 1677 unimus

169 1708 375 1791 permanendi
390 1709 422 1770 in
436 1709 492 1770 teli
502 1709 572 1771 loco
582 1709 597 1767 'r
618 1711 650 1770 et
670 1708 761 1770 sicuti
776 1707 907 1770 clericus
922 1707 984 1770 duo
1004 1708 1101 1769 hene-

170 1802 391 1878 ficiebubcns,
408 1801 440 1863 iu
462 1801 593 1864 divorsis
613 1801 768 1879 eeclesiis,
789 1819 924 1882 quorum
938 1799 1101 1881 quodlibet

169 1895 371 1958 residentium
384 1911 443 1974 per
454 1893 630 1971 dimidium,
646 1914 678 1956 v.
693 1911 738 1974 g.‚
755 1911 873 1956 aunum
881 1892 1024 1975 requirit,
1043 1893 1100 1956 do-

168 1987 285 2050 micilia
297 1987 415 2050 bebere
429 1987 553 2065 dicitur,
570 1987 596 2049 si
617 1987 649 2048 in
661 1987 801 2068 quolibet
819 1987 972 2049 beneficio
987 2005 1100 2050 conve-

168 2081 272 2144 niente
293 2085 436 2161 tempore
459 2079 591 2158 residet,
612 2079 656 2142 sic
680 2081 775 2142 otium
796 2079 895 2140 luleus
918 2079 979 2140 dici
997 2082 1101 2158 potest

167 2173 230 2236 duo
253 2173 412 2235 domicilio
435 2173 563 2250 habore,
584 2172 611 2242 oi
632 2173 664 2234 in
687 2172 822 2249 duobus,
838 2191 870 2233 v.
886 2191 932 2252 g.,
950 2172 1029 2234 locis
1042 2187 1100 2252 per

3 2267 4 2288 l
30 2343 36 2348 ,
166 2267 304 2346 aequales
328 2265 403 2327 euni
426 2269 532 2346 portes
549 2269 620 2328 ectu
642 2265 782 2342 habitet,
811 2283 883 2326 cum
905 2264 1032 2343 enimc,
1055 2265 1100 2326 ita

169 2360 335 2442 utrobique
348 2359 518 2438 residendi,
534 2359 578 2422 ito
595 2359 676 2422 utin
691 2358 831 2441 quolibet
852 2359 913 2420 loci
927 2377 965 2420 ex
978 2358 1099 2420 ratione

169 2450 316 2512 domicilii
339 2453 498 2514 conveniri
523 2452 640 2531 possit,
664 2452 758 2514 etium
778 2452 818 2513 ob
841 2454 1044 2529 contractus,
1067 2454 1100 2513 et

169 2541 301 2602 crimina
323 2542 397 2602 alibi
414 2542 596 2618 commisso,
609 2546 762 2621 tauquam
777 2544 919 2604 absolute
940 2544 1000 2606 loci
1017 2544 1099 2604 illius

168 2631 364 2713 magistratui
376 2631 539 2708 subditus,
556 2631 582 2691 si
597 2631 637 2692 ub
652 2631 713 2692 ulio
725 2633 832 2712 judice
847 2634 907 2695 loci
929 2634 1029 2712 illius,
1044 2635 1097 2696 ubi

170 2729 381 2802 contractum,
397 2727 452 2788 aut
469 2723 618 2784 delictum
631 2727 698 2801 est,
714 2742 777 2786 non
791 2724 884 2787 fuerit
907 2731 1094 2805 praeventus.

209 2817 288 2897 Vegi
307 2821 442 2894 cutem,·
456 2817 508 2898 qui
535 2816 645 2878 nullibi
670 2817 777 2878 sedem
792 2817 936 2880 stabilem
958 2819 1094 2897 hebent,

169 2910 248 2974 sicut
262 2907 393 2990 ubique,
409 2909 463 2972 ubi
478 2909 632 2985 existunt,
656 2910 815 2972 conveniri
838 2915 985 2991 possunt,
1007 2911 1098 2994 juxte

167 3003 245 3067 illud
260 3025 267 3066 :
284 3003 337 3066 ubi
351 3009 383 3066 te
397 3003 565 3081 invenero,
576 3001 620 3064 ibi
630 3006 662 3066 te
670 3002 832 3084 judicabo.
849 3003 907 3077 Qui
922 3021 999 3066 vero
1022 3004 1096 3067 alibi

169 3097 297 3176 quidem
309 3098 420 3161 stabile
439 3095 633 3159 domicilium
647 3096 787 3174 hebent,
811 3097 852 3158 od
874 3096 971 3158 olium
990 3100 1096 3160 temen

167 3187 272 3249 locum
285 3191 425 3268 veniunt,
434 3190 538 3252 enimc
553 3207 612 3269 per
625 3207 753 3267 nouum,
768 3207 798 3250 v.
807 3207 869 3270 gn,
881 3190 931 3251 vel
942 3189 1096 3272 mojorem

167 3281 241 3343 enni
255 3285 378 3361 portem
389 3283 434 3344 ibi
448 3283 674 3360 commorandi,
683 3285 860 3360 censentur,
873 3282 898 3344 si
913 3282 945 3344 in
959 3283 1015 3346 toli
1026 3283 1095 3346 loco

168 3373 251 3436 dioto
272 3374 366 3436 modo
387 3383 560 3455 morentur,
588 3375 677 3460 quusi
697 3375 890 3439 domicilium
904 3375 937 3438 in
950 3376 1005 3440 teli
1025 3375 1095 3440 loco

168 3467 295 3544 hebere,
310 3470 345 3531 ut
357 3466 488 3547 delictis,
496 3473 551 3533 eut
562 3470 783 3550 contractibus,
796 3485 827 3533 v.
837 3489 899 3552 gn,
912 3470 1009 3535 ¹otium
1020 3469 1094 3532 ulibi
