2586 4020
196 321 236 380 98
405 327 633 379 rnsrrrurronns
653 327 735 378 murs
757 313 912 378 cruuntur.

196 475 293 554 tione,
319 476 384 538 sivo
404 475 445 538 ab
465 475 599 538 adversa
613 478 702 556 parte
717 475 853 554 allegata
871 491 909 535 ea
929 474 1128 537 manifestata

199 569 250 648 sit,
263 569 328 632 sive
339 570 476 647 non,sed
487 569 613 631 aliunde
625 568 785 648 injudicio
795 567 994 630 manifestata
1007 569 1047 631 sit
1055 568 1127 632 abs-

196 681 260 745 que
269 664 331 725 alia
344 663 539 743 probatione,
552 663 723 743 procedere
735 664 838 742 potest
844 660 943 740 judex
953 661 993 722 ad
1004 665 1127 724 senten·

196 756 274 818 tiam
284 756 488 833 definitivam,
497 756 591 818 etiam
604 754 891 818 condemnatoriam
904 774 912 828 ;
930 773 992 816 non
1005 759 1128 817 tantum

197 850 224 911 si
238 854 350 930 agatur
362 848 503 926 civiliter,
525 849 580 911 sed
601 849 696 910 etiam
717 848 748 908 in
768 848 871 910 causis
890 848 1101 911 criminalibus
1117 893 1125 925 ,

198 961 261 1006 non
272 946 395 1004 tantum
409 942 449 1003 ad
467 959 593 1022 poenam
610 941 889 1003 extraordinariam
912 941 1126 1021 infligendam,

197 1034 359 1097 sedetiam
371 1035 409 1096 ad
423 1053 550 1114 poenam
568 1033 760 1096 ordinariam
774 1034 806 1095 iu
826 1034 1008 1096 criminibus
1024 1035 1128 1097 occul-

196 1129 249 1205 tis,
265 1133 297 1190 et
308 1131 458 1208 quaesunt
470 1127 603 1189 difficilis
620 1127 823 1207 probationis,
841 1146 881 1189 ne
895 1128 1009 1207 sapius
1020 1147 1058 1189 ex
1073 1128 1128 1189 de-

197 1221 280 1283 iectu
290 1220 484 1300 probationis
494 1220 621 1284 alterius
632 1220 684 1300 jus
695 1220 785 1282 alteri
800 1224 920 1299 pereat,
931 1224 986 1282 aut
996 1221 1128 1283 crimina

197 1313 523 1392 impunitameneant.

239 1409 376 1469 XXXIV.
401 1405 483 1469 Unde
498 1415 652 1468 sumuntur
665 1407 733 1470 elice
741 1407 985 1490 praesumptiones
999 1428 1056 1469 con
1069 1407 1129 1469 oio·

198 1497 305 1562 lenta?
324 1500 428 1561 Primo
451 1499 535 1578 quod
557 1499 588 1560 in
611 1498 731 1562 delictis
759 1500 942 1577 commissis,
965 1501 997 1561 in
1018 1499 1125 1577 dubio,

197 1611 228 1654 v.
245 1609 307 1670 gn,
321 1597 530 1671 praesumatur
544 1592 654 1665 dolus;
671 1592 724 1671 qui
740 1593 824 1654 enim
836 1593 947 1654 noxius
964 1599 1012 1654 est
1025 1591 1126 1670 alteri,

198 1685 282 1763 quod
302 1683 385 1746 malo
398 1682 503 1744 animo
516 1683 576 1744 hoc
592 1684 713 1761 fecerit,
728 1685 819 1747 facile
833 1685 1052 1765 praesumitur,
1070 1685 1129 1746 nisi

198 1776 389 1839 contrarium
410 1776 577 1856 probetur,
599 1777 650 1838 vel
679 1777 740 1838 alia
768 1777 901 1840 validior
923 1777 1125 1858 praesumptio

198 1870 381 1950 praevaleat,
396 1885 453 1948 per
467 1887 563 1950 quam
577 1869 666 1949 prior
678 1870 821 1933 elidatur.
839 1874 907 1932 Non
927 1875 1033 1933 tamen
1047 1888 1129 1952 prae-

197 1963 333 2042 sumptio
349 1962 417 2022 haec
438 1961 567 2040 sufficit,
584 1981 654 2043 quae
669 1967 716 2026 est
731 1965 771 2026 ad
789 1965 889 2026 sotum
905 1972 1052 2027 conatum
1067 1963 1128 2024 cri·

197 2056 308 2132 minis,
332 2055 461 2116 crimine
483 2073 545 2117 non
570 2059 696 2135 secuto,
721 2058 833 2120 saltem
852 2056 943 2138 juxta
968 2063 1127 2138 receptam

196 2149 319 2230 praxim
334 2154 366 2209 et
386 2148 656 2227 consuetudinem,
670 2168 741 2230 quae
752 2148 812 2211 nisi
827 2153 954 2212 effectus
964 2156 1124 2232 sequatur,

196 2248 344 2304 conatum
358 2242 459 2304 solum
474 2241 634 2303 ordinaria
647 2261 753 2324 poena,
773 2262 837 2323 qua
851 2244 970 2304 crimen
984 2244 1047 2305 tale
1068 2261 1127 2322 pn·
1149 2249 1151 2252 ’

151 2385 152 2390 ,
194 2336 254 2397 niri
269 2335 358 2413 solet,
375 2353 437 2396 non
450 2334 551 2415 punit,
568 2335 687 2396 nisilen
699 2355 847 2415 expresse
862 2336 956 2398 ctiam
971 2337 1031 2398 boc
1045 2353 1126 2416 pra·

195 2429 307 2508 cipiet,
336 2431 391 2490 aut
415 2427 534 2490 crimen
556 2428 595 2490 sit
616 2428 708 2491 valde
730 2433 837 2508 atrox,
867 2432 1004 2492 stactus
1033 2427 1124 2493 valde

194 2521 390 2600 propinquus
406 2521 529 2584 effectui
542 2538 651 2599 pravo.

236 2611 380 2673 Secundo
393 2613 594 2690 praesumitur
606 2632 645 2674 ex
657 2614 742 2675 bona
754 2615 990 2678 conversatione
1005 2614 1037 2676 in
1051 2613 1125 2676 ado·

194 2703 355 2781 lescsntia,
370 2704 481 2766 eedem
493 2704 588 2766 etium
607 2705 640 2767 iu
654 2705 735 2768 virili
751 2712 842 2769 aetate
855 2714 886 2770 et
899 2711 1074 2786 senectute,
1093 2712 1125 2768 et

194 2797 366 2860 universim
380 2816 419 2858 ex
432 2798 590 2878 praeteritu
602 2798 647 2860 rei
667 2801 749 2860 statu
765 2817 849 2880 saepe
863 2799 1065 2882 presumitur
1085 2798 1123 2860 de

192 2890 297 2954 futuro
313 2890 383 2972 (nisi
402 2890 553 2972 temporis
572 2910 630 2954 usu
654 2892 831 2955 necessario
849 2893 900 2955 vel
914 2891 1124 2956 verisimiliter

192 2983 406 3064 immutetur),
423 2991 454 3046 et
466 3001 504 3044 ex
517 2983 675 3064 praeterito
691 2984 730 3046 de
744 2986 908 3066 prasenti,
924 2991 955 3047 et
978 3003 1015 3045 ex
1036 2983 1122 3064 prius

193 3076 290 3155 datis,
317 3083 348 3138 et
364 3077 530 3159 neglectis,
552 3082 625 3156 etc,
647 3095 719 3159 qun
737 3084 844 3140 tamen
863 3077 1122 3159 praesumptiones

192 3171 307 3250 saepins
326 3170 447 3248 fallunt,
461 3170 551 3252 juxta
564 3170 642 3233 illud
655 3191 661 3232 :
675 3171 845 3252 Angelieus
856 3171 980 3252 juvenis
995 3170 1121 3232 senibus

192 3261 369 3325 sathauizat
382 3263 414 3324 in
427 3263 527 3325 anuis.

231 3355 336 3416 Tertio
359 3356 559 3434 praesumitur
577 3359 686 3418 contra
700 3354 790 3417 illum
809 3356 861 3437 qui
884 3356 1021 3418 declinat
1037 3355 1120 3437 judi·

192 3445 293 3526 cium,
320 3454 351 3509 et
381 3450 582 3528 presumitur
602 3468 659 3529 pru
681 3449 733 3511 illo
756 3450 810 3530 qui
828 3469 861 3512 se
888 3452 980 3513 offert
999 3448 1119 3531 judicio

191 3539 387 3628 (sicutienim
402 3541 1116 3626 illumpremerejudicaturconscientiamala,
1185 3587 1187 3591 ψ
