2586 4020
509 321 548 368 uu
569 319 708 368 molens.
1032 307 1090 370 loa

148 465 251 530 dabat
263 463 541 543 insuper-puobare
559 464 760 543 mandatum,
777 468 809 527 et
823 464 992 528 adverada
1006 467 1087 528 rato.

195 558 251 621 His
271 557 413 640 probatis
436 558 575 636 procedi,
600 577 631 620 v.
652 577 697 638 g.,
726 559 867 636 ulterius,
892 561 924 620 et
943 557 1092 638 quelibet

155 651 395 733 pernexoipiens
405 669 495 714 suum
505 650 862 732 exceptionamprobaro
871 653 1018 729 debetne
1026 669 1091 712 me-

155 745 217 807 rita
230 763 335 806 eausa
356 744 547 824 principalis,
565 745 617 824 qui
641 745 753 806 eadem
777 746 912 824 probare
927 745 1037 806 debuit
1058 743 1090 806 in

155 839 259 918 prima
278 837 426 900 instantia
441 837 559 900 directe
567 837 666 918 judiei
679 857 699 898 a
713 857 786 919 quo,
803 838 869 900 sivo
882 857 920 900 ex
932 837 1090 918 prioribus

26 945 34 954 '
157 932 236 996 aetia
250 931 451 1010 probationes
471 930 528 992 has
542 931 766 1010 depromendo,
783 931 848 993 sive
863 949 960 994 novas
974 931 1091 1012 produ-

146 1025 269 1088 nendo.

197 1118 288 1191 Quod
305 1117 332 1180 si
346 1137 421 1181 vero
433 1135 507 1198 pars
521 1117 648 1198 litigans
660 1119 877 1198 exceptionem
891 1135 981 1180 sunm
996 1136 1093 1199 oppo-

157 1231 246 1290 nens,
264 1212 304 1274 ob
317 1229 413 1292 quam
427 1212 619 1293 respondere
628 1231 692 1274 nou
706 1215 877 1289 teneretur,
891 1232 910 1273 a
921 1212 1028 1292 judioe
1037 1229 1091 1274 au-

158 1306 223 1368 dita
237 1309 369 1382 nonest,
386 1309 418 1367 et
429 1311 598 1385 propterea
612 1305 783 1386 appellavit
796 1323 905 1368 eoram
915 1305 1025 1386 judice
1038 1323 1092 1385 ap

158 1397 346 1479 pollutionis,
367 1399 502 1477 probare
524 1416 586 1460 non
607 1401 730 1460 tantum
750 1399 854 1476 debet,
870 1399 1043 1478 appellasse
1058 1415 1092 1459 se

156 1508 197 1554 ex
211 1509 307 1553 oausu
321 1491 493 1572 probabili3
506 1491 562 1552 sed
573 1490 667 1553 debet
680 1491 808 1572 insuper
820 1491 955 1570 probare
964 1507 1092 1552 eausam

158 1584 245 1646 illem
265 1603 375 1646 veram
394 1603 474 1662 esse,
497 1585 548 1646 val
571 1585 681 1646 saltem
706 1586 841 1664 probare
861 1584 997 1662 debebit,
1019 1585 1092 1645 alle-

157 1695 251 1758 gasse
268 1695 302 1739 se
314 1695 423 1740 eoram
439 1676 557 1758 judice,
575 1695 594 1738 n
616 1696 678 1759 quo
694 1696 834 1756 oausam,
850 1696 949 1758 quare
961 1695 1093 1758 respon·

159 1770 234 1834 dare
245 1774 486 1848 nonteueretur‚
497 1777 529 1832 at
538 1770 674 1833 voluisse
688 1771 823 1833 etiamin
833 1771 1092 1834 eontinentlhauo

159 1863 305 1942 probare,
323 1864 465 1927 auditum
481 1870 588 1926 tamen
603 1883 666 1926 non
682 1864 777 1926 luisse
793 1864 880 1945 (quia
898 1865 930 1925 in
949 1864 1003 1927 illo
1018 1883 1093 1926 oasa

160 1959 281 2038 pugnat
288 1960 399 2020 eontra
409 1957 620 2037 appellantem
631 1956 844 2036 praesumptio,
860 1957 945 2037 quod
958 1955 1092 2019 vexandi

158 2054 283 2114 tautum
293 2049 465 2112 adversarii
479 2067 574 2113 eausa
584 2049 719 2112 noluerit
728 2049 931 2129 respondere,
948 2053 980 2112 et
989 2049 1093 2130 appel-

159 2143 282 2222 laverit,
300 2163 371 2225 quaa
384 2142 416 2204 in
436 2144 535 2206 altero
550 2163 625 2205 casu
639 2143 717 2204 nihil
731 2142 868 2222 probat),
884 2142 943 2204 nisi
959 2143 1093 2224 extu-aju-

162 2237 449 2300 dioialitertantum
470 2237 617 2317 appellet,
632 2242 687 2298 aut
698 2235 780 2297 absit
789 2235 898 2317 judex,
916 2239 970 2298 aut
984 2238 1092 2297 offera-

159 2334 213 2394 tur
237 2349 274 2393 eo
295 2333 438 2412 tempore
460 2329 616 2411 probatio,
641 2347 703 2410 quo
717 2346 780 2390 non
797 2331 922 2392 tenetur
933 2346 1003 2390 eam
1017 2326 1094 2390 reoi-

160 2442 236 2504 pore
261 2423 371 2504 judex,
393 2442 467 2486 oum
489 2424 522 2485 in
545 2423 661 2485 talibus
688 2421 822 2500 ossibus,
854 2423 904 2484 vel
929 2441 992 2485 non
1015 2419 1096 2483 adsit

157 2516 268 2598 judex,
303 2517 352 2579 oui
378 2536 416 2578 ¹en
442 2517 545 2578 officio
573 2516 735 2578 incumbat
765 2515 906 2595 reoipere
934 2515 1095 2596 probatio-

148 2628 228 2688 ·nes,
242 2610 293 2672 val
307 2628 371 2674 non
384 2613 535 2672 offeratur
545 2609 688 2688 probatio
701 2613 843 2688 tempore
855 2609 1071 2673 conveniente.

401 2738 414 2810 ¹§
429 2759 483 2799 vill.
498 2767 646 2819 ninxisset-u
662 2767 855 2800 niusuuunionn.

200 2879 281 2944 XXI.
296 2879 433 2942 Effectus
447 2875 667 2955 appellationis
680 2875 796 2955 duplex
807 2878 865 2952 est,
880 2874 1093 2955 suspensum,

160 2971 416 3038 etdevolutivus.
777 2973 780 2977 '

181 3097 192 3130 ι,
202 3065 233 3126 l<>
244 3065 290 3126 De
305 3065 410 3145 effectu
423 3061 629 3146 appellationis
643 3061 818 3142 suspensivo.
837 3063 897 3122 Per
913 3059 1096 3140 appellatio·
1135 3090 1138 3096 ¹

144 3177 237 3226 eadm
250 3178 270 3221 a
283 3159 438 3221 sententia
454 3155 616 3220 definitiva
631 3153 788 3216 ordinarie
803 3153 1005 3235 suspenditur
1012 3151 1099 3232 judi-

144 3252 258 3331 noim
273 3270 336 3332 quo
355 3251 544 3332 jurisdictio,
562 3247 647 3314 ciros
663 3265 792 3312 oausam
807 3246 905 3324 illam,
929 3246 961 3308 in
977 3249 1100 3327 quaest

164 3345 367 3426 appellatum,
376 3338 1098 3424 itautpendenteappellationeeamexeoutioni

141 3439 317 3509 madore
332 3457 396 3500 nou
410 3437 525 3518 possit;
537 3454 601 3501 non
614 3439 722 3502 autem
734 3453 792 3515 per
805 3433 1047 3514 appellationem
1058 3434 1099 3494 ab

141 3531 410 3610 muamus,
423 3531 556 3612 ¹judiois
570 3550 591 3593 a
606 3527 860 3614 quojudsdiotio
881 3527 1097 3609 suspenditur,
