2586 4020
171 273 228 336 102
389 283 618 333 nasammonas
638 281 721 330 turus
741 279 897 330 canonici.

170 429 302 512 species.
323 429 429 492 Prima
448 431 495 490 est
510 429 726 510 juramentum
749 424 900 502 veritatis,
926 423 992 486 sive
1015 439 1100 485 veras

172 523 406 601 aestimationis,
427 522 516 604 quod
534 521 673 583 defertur
686 519 777 600 perti,
795 518 835 580 ad
850 516 1101 598 cognoscendam

173 618 397 699 quantitatem,
423 633 478 678 seu
501 614 642 675 valorem
666 614 712 673 rei
732 631 789 693 per
809 611 937 674 alterius
949 609 1101 672 malitiam

174 711 298 788 ablatae,
314 709 512 790 praecedente
524 711 629 769 tamen
644 705 758 787 judicis
772 705 941 767 taxatione.

205 796 1102 883 Secundaestjuramentumaffectionis,perquodratione

173 895 341 976 peculiaris
361 895 554 970 effectioniS,
577 899 633 954 aut
645 891 787 954 utilitatis
801 909 877 970 erga
895 907 962 951 rem
975 889 1034 950 sibi
1048 889 1103 949 de-

172 989 349 1069 perditam,
374 987 558 1048 conceditur
575 986 647 1047 huic
669 985 769 1064 pa1ti,
787 983 984 1062 praecedente
998 985 1103 1044 tamen

170 1081 285 1163 judicis
300 1080 432 1156 ratione,
449 1097 517 1140 rem
528 1078 657 1159 majoris
672 1077 838 1154 estimare,
856 1093 950 1156 qnam
965 1093 1103 1136 commu-

174 1174 257 1235 niter
270 1173 384 1234 valeat.

212 1265 318 1326 Tertia
335 1269 382 1328 est
393 1264 608 1346 juramentum
623 1283 717 1344 super
730 1263 881 1326 interesse
896 1262 1058 1342 singulari,
1075 1265 1105 1322 et

174 1364 262 1420 extra
276 1377 355 1436 rem,
369 1359 496 1447 quando
507 1357 625 1419 seilicet
637 1357 787 1419 domnum
800 1363 909 1435 passus
924 1355 981 1417 luit
995 1374 1033 1416 ex
1042 1373 1104 1417 non

174 1452 319 1515 rest'tuta
332 1470 366 1512 re
377 1470 445 1530 sua,
455 1451 726 1532 quodjuramento
738 1450 893 1512 aestimare
903 1447 1102 1530 permittitur.
1210 1509 1213 1516 ,

176 1545 272 1608 Aliud
294 1545 429 1623 denique
445 1544 567 1606 dicatur
580 1544 642 1604 litis
652 1543 834 1621 decisivum,
845 1543 929 1623 quod
943 1543 976 1602 in
987 1540 1105 1622 judicio

176 1637 217 1698 ad
232 1636 402 1698 finiendam
411 1637 499 1698 litem
511 1654 736 1716 nonnunquam
747 1635 966 1712 defertur,etsi
979 1634 1106 1715 quidem

176 1729 236 1791 hoc
251 1745 271 1790 a
284 1733 374 1808 parte
388 1729 469 1810 parti
491 1728 648 1806 defertur,
666 1729 751 1808 quod
765 1728 948 1808 simpliciter
967 1726 1105 1789 recusari
1187 1775 1189 1782 .

175 1825 289 1902 potest,
305 1822 419 1884 dicitur
430 1822 625 1896 voluntaria3
643 1821 668 1882 si
683 1839 769 1899 vero,
778 1821 884 1903 judice
897 1821 1102 1901 approbante,

177 1915 337 1976 deleratur
349 1933 368 1975 a
382 1918 471 1994 parte
485 1914 587 1993 parti,
610 1914 654 1975 ita
668 1920 702 1974 ut
714 1914 823 1974 referri
844 1932 863 1974 a
882 1918 971 1993 parte
991 1913 1102 1994 possit,

177 2007 291 2068 dicitur
301 2003 449 2088 judiciale
464 2007 619 2087 specifice.
643 2007 861 2068 Necessarium
881 2024 956 2068 vero
970 2006 1104 2085 deniqne

177 2099 306 2176 dicitur,
328 2100 412 2179 quod
434 2100 474 2161 ob
486 2099 625 2179 inopiam
648 2099 749 2179 plenae
763 2100 956 2180 probationis
971 2097 1104 2179 ajudice

177 2191 319 2254 alterutri
332 2185 415 2270 'parti
425 2191 626 2272 litigantium,
640 2193 690 2253 vel
705 2211 742 2253 ex
755 2193 868 2270 officio,
879 2193 929 2254 vel
938 2192 978 2253 ad
989 2193 1105 2252 instan-

176 2284 254 2346 tiam
274 2284 401 2346 alierius
420 2285 518 2364 partis
543 2285 701 2360 defertur,
718 2292 750 2346 et
763 2285 990 2366 suppletorium
1011 2284 1105 2345 etiam

178 2378 302 2455 dicitur,
315 2396 352 2440 ao
367 2378 434 2438 sine
445 2377 532 2458 justa
543 2396 639 2439 causa
652 2379 792 2439 recusari
802 2397 863 2440 nou
877 2381 990 2457 potest.

216 2472 332 2531 Omnes
347 2469 490 2532 homines
508 2470 638 2532 rationis
657 2489 715 2532 usu
737 2471 860 2549 praediti
875 2490 914 2532 ex
928 2478 1040 2532 natura
1060 2469 1105 2531 rei

177 2567 250 2622 sunt
264 2579 395 2638 capaces
404 2562 574 2642 juramenti
590 2563 703 2624 edendi
718 2563 891 2644 injudicio,
907 2565 1001 2625 etiam
1015 2561 1104 2643 pueri

177 2655 250 2713 ante
268 2652 478 2731 pubertatem.
497 2655 751 2734 Cogenditamen
763 2656 941 2735 impuberes
956 2675 1018 2718 non
1033 2661 1106 2717 sunt

178 2745 217 2806 ad
226 2744 398 2826 jurandum
410 2746 441 2806 in
451 2745 588 2826 judicio,
603 2748 643 2808 ob
659 2747 815 2810 defectum
828 2750 974 2830 perfectae
988 2749 1114 2820 discre-ยน

175 2837 268 2900 tionis
293 2837 332 2899 ad
356 2839 565 2902 reverentiam
585 2839 755 2922 juramenti
777 2842 949 2923 requisitae3
970 2843 1027 2904 sed
1046 2861 1104 2903 nec

176 2931 355 2993 sacerdotes
367 2931 398 2992 in
411 2933 475 2994 levi
486 2951 582 2995 causa
596 2935 742 3014 compelli
754 2935 870 2997 debent
884 2935 1103 3016 adjurantium

176 3025 208 3086 in
219 3024 351 3106 judicio,
367 3044 469 3106 neque
490 3027 573 3087 enim
582 3026 797 3108 juramentum
811 3030 1022 3090 necessarium
1036 3034 1102 3104 est,

176 3116 235 3176 nisi
250 3117 334 3196 quod
349 3117 422 3178 fidei
442 3118 579 3198 Jurautis
594 3137 657 3180 non
679 3120 784 3181 omnia
804 3120 1002 3198 deferantur,
1019 3121 1104 3200 quod

176 3209 347 3270 sacerdotis
358 3209 493 3290 dignitas
507 3212 611 3273 dicere
626 3229 689 3273 non
707 3213 848 3290 patitur:
865 3212 981 3293 perjuri
998 3217 1104 3274 autem

176 3300 261 3362 nullo
284 3300 378 3362 modo
394 3301 579 3366 admittendi
592 3310 664 3365 sunt
683 3305 722 3366 ad
736 3304 909 3385 jurandum
923 3304 1100 3386 injudicio,

176 3393 250 3474 quia
260 3411 332 3454 cnm
343 3396 441 3456 semel
452 3395 519 3476 jam
530 3396 738 3477 pejeraverint
749 3396 917 3478 injudicio,
928 3397 1103 3481 pericnlum

175 3487 223 3549 est
236 3499 275 3548 ne
289 3485 402 3549 iterum
414 3486 564 3568 pejerent.
602 3536 605 3542 ,
