2578 4012
168 216 226 278 eos
394 225 624 274 rusrrrurronas
644 227 727 274 rurus
748 225 903 274 caueatur.

207 372 320 435 Mirum
338 374 443 432 autem
462 369 519 431 sibi
546 387 608 431 non
630 373 756 449 reputat
772 368 848 430 talia
861 369 901 432 ab
916 368 1096 434 hominibus

168 463 288 546 perpeti
304 484 312 538 ;
329 463 415 525 novit
440 462 523 524 enim
544 481 577 522 se
597 462 655 523 sub
670 461 812 524 oivihbus
825 462 1096 542 persecutionibus

169 561 275 619 natam
294 561 325 617 et
349 558 553 635 propagatam
570 573 655 630 esse,
672 573 734 615 uon
749 554 892 616 violentis
913 555 1026 616 mediis
1039 556 1096 617 sed

170 649 366 711 suasionibus
379 651 409 708 et
419 647 567 708 virtutum
580 646 728 726 exemplis
744 653 951 725 propagatam
968 666 1049 724 esse,
1065 653 1097 710 et

171 741 447 820 independentera
467 737 549 800 civili
558 739 701 816 tuitione,
719 738 924 816 omnipotenti
934 739 990 800 Dei
1003 741 1096 802 assis·

171 833 268 898 tentia
275 832 391 913 juvari.

172 1006 253 1054 testas
265 1007 388 1068 supremo
398 1001 508 1066 politica
516 1016 571 1052 non
578 1004 714 1052 teneretur
721 1001 755 1052 ad
764 1016 859 1053 verum
870 1002 918 1054 Dei
927 1003 1028 1055 cultum
1040 1017 1097 1055 om·

172 1077 250 1128 nibus
266 1077 474 1141 imponendum,
491 1079 619 1140 tanquam
632 1077 740 1127 unicum
759 1080 844 1128 status
861 1078 975 1138 cultum;
988 1083 1099 1143 propter

172 1153 300 1204 moralem
313 1149 554 1216 impossibilitatem
567 1155 664 1201 statum
674 1151 830 1217 religiosum
838 1152 1007 1218 immutandi,
1018 1155 1100 1206 libcr-

172 1233 214 1280 tas
224 1228 358 1290 cultuum,
374 1227 462 1277 adhuc
473 1227 602 1290 existens,
618 1239 769 1290 asuprems
777 1231 904 1291 potestate
916 1229 1024 1293 politica
1032 1231 1098 1295 legi-

128 1347 131 1354 ,
173 1304 239 1356 time
250 1317 298 1354 seu
309 1303 411 1367 absque
420 1301 497 1366 culpe
508 1301 608 1352 servari
619 1304 717 1365 potest.

205 1382 232 1429 3⁰
247 1379 310 1428 lude
326 1377 410 1442 liquet
422 1377 585 1442 equivocam
598 1389 654 1427 esse
669 1376 870 1428 distinctionem
881 1392 897 1428 a
908 1379 1043 1430 nonnullis
1055 1396 1098 1434 re-

175 1458 264 1506 center
273 1454 405 1503 invectam
415 1453 485 1502 inter
491 1456 539 1520 jus
549 1451 698 1518 etfaciam,
705 1467 735 1502 ac
747 1453 770 1501 si
780 1453 812 1502 de
822 1453 882 1516 jure
895 1457 1098 1518 tantum‚seuu't

174 1527 214 1579 illi
226 1526 541 1590 interpretantur,ineolo
550 1526 643 1576 ordine
650 1527 783 1576 abstracto
791 1530 818 1577 et
825 1528 1097 1590 theoretico,libertas
1116 1532 1119 1538 ’

175 1603 221 1653 illa
229 1603 334 1654 admitti
343 1614 396 1650 non
407 1604 506 1664 posset,
511 1601 577 1651 dum
586 1600 614 1650 in
622 1601 714 1652 ordine
728 1605 851 1652 concreto
862 1605 888 1654 et
896 1603 984 1667 quoad
993 1607 1096 1667 praaim

175 1680 245 1730 esset
266 1691 309 1727 ree
332 1675 442 1726 arbitrio
460 1676 599 1740 potestatis
618 1675 704 1726 civilia
724 1677 833 1727 omnino
853 1679 991 1741 permissa.
1015 1682 1097 1732 Nemo

176 1752 248 1804 enim
257 1765 312 1802 non
322 1751 396 1802 videt
404 1765 483 1816 quam
496 1764 618 1815 pugnans
630 1751 855 1804 sithaeedcctrina
867 1753 902 1817 (et
911 1757 1039 1817 quantum
1052 1757 1101 1806 dii-

176 1829 227 1879 fert
239 1828 328 1878 chilla
340 1827 588 1878 distinctioneinter
601 1823 695 1877 thesim
708 1829 734 1876 et
748 1825 915 1893 hypothesim
928 1829 1098 1882 solertissime

174 1904 283 1955 inducta
303 1917 319 1953 e
332 1901 557 1966 conscriptoribus
575 1901 684 1964 Ephem.
697 1917 704 1951 ε
718 1901 744 1951 la
760 1901 850 1951 civilta
862 1902 992 1968 cattolice)
1004 1942 1011 1966 ,
1022 1905 1098 1969 juxto

178 1994 258 2044 quam
283 1979 395 2043 quisque
418 1979 569 2042 gubernans
591 1979 727 2027 teneretur
751 1977 815 2026 talia
835 1977 966 2041 principie
984 1981 1100 2042 practica

176 2055 319 2110 theoretice
332 2051 461 2118 profiteri,
472 2066 529 2116 quae
543 2054 635 2102 tamen
646 2051 675 2100 in
684 2051 760 2114 praxi
772 2065 822 2114 pro
832 2051 909 2102 libito
920 2059 1011 2116 posset
1019 2055 1101 2106 missa
1149 2055 1153 2062 '

177 2130 272 2180 iacere.
284 2130 374 2194 ltaque
385 2129 428 2178 hic
439 2141 506 2192 opus
518 2129 558 2177 est
569 2126 737 2178 distinctione
749 2142 756 2176 t
770 2127 793 2176 si
804 2127 837 2176 de
849 2127 924 2190 facto
934 2130 1102 2194 porticulum

110 2223 113 2230 ’
178 2207 307 2270 ageretur,
322 2216 418 2268 nempe
431 2204 464 2253 de
478 2205 549 2253 stetu
563 2201 643 2266 hujus
654 2201 697 2252 vel
709 2201 780 2250 illius
795 2200 920 2266 notionis,
936 2204 1102 2266 gravioribus

177 2279 378 2344 impedimentis
393 2279 516 2342 irretitae,
531 2277 571 2328 sie
591 2277 664 2328 licita
677 2290 734 2328 esse
746 2280 837 2340 posset
850 2277 893 2326 lex
914 2277 1004 2342 aliqua
1019 2279 1101 2330 liher-

177 2353 260 2406 tatem
268 2356 390 2406 cultuum
400 2353 546 2416 declarans,
554 2359 585 2402 ut
594 2351 718 2415 princeps
729 2363 783 2400 non
791 2353 911 2402 tenentur
923 2353 1003 2403 talem
1014 2354 1101 2418 legem

99 2483 105 2489 ,
178 2431 335 2482 existentem
353 2431 489 2493 obrogare.
516 2428 614 2478 Verum
629 2426 653 2476 ai
667 2429 790 2490 ageretur
808 2426 840 2476 de
859 2426 933 2490 secto
950 2429 1101 2493 pancration

179 2509 295 2571 sumpto,
305 2519 353 2554 ssu
365 2504 398 2553 de
409 2502 501 2552 ordine
511 2502 628 2564 practico
640 2501 787 2552 universim
798 2506 914 2566 sumpto,
923 2506 995 2564 certo
1006 2518 1103 2568 negare

180 2580 308 2630 debemus
317 2578 417 2628 licitam
427 2591 484 2628 esse
495 2576 644 2626 libertatem
660 2576 794 2640 cultuum;
806 2590 869 2627 num
880 2578 937 2628 haec
948 2578 1104 2643 hypothesis

180 2653 209 2704 in
223 2653 312 2716 ipsum
324 2653 381 2716 jus,
399 2666 446 2722 seu
464 2651 494 2702 in
505 2650 617 2701 alterum
637 2651 789 2702 membrum
807 2652 985 2703 distinctionis
1000 2653 1102 2705 recidit.

181 2729 317 2794 (Bronten,
327 2728 394 2780 Phil.
406 2729 471 2794 ech„
483 2739 513 2778 111
523 2741 561 2792 p.,
576 2742 597 2781 s.
607 2731 631 2790 2,
644 2741 666 2778 c.
675 2729 700 2790 e,
714 2727 773 2790 52.)

284 2997 528 3094 lintssacortorh
549 3037 704 3090 satuimus
725 3039 765 3088 ll'l'
784 3038 1002 3093 ralcrnrlerus

544 3136 720 3186 Genesim.

1156 2776 1171 2806 Κ
