2578 4012
193 221 252 284 110
400 231 628 284 rnsnrunorss
648 216 731 284 rurus
753 231 909 286 ornamur.

193 379 312 441 aonam
337 377 436 460 petita
461 379 502 442 ab
527 380 749 442 archidiacono
773 380 899 443 licentia
928 383 987 445 sub
1020 379 1124 464 paenis

193 473 400 552 punctatum.
418 472 449 552 (1
459 471 540 553 junii
551 471 652 551 1701.)
666 471 840 534 canonicus
853 467 941 537 Ἆῤ...
954 494 1065 556 passus
1076 480 1125 539 est

193 569 398 646 punctaturas
421 563 462 626 ad
480 564 615 626 formam
629 565 886 628 oonst'tutionum
903 569 1125 648 capitularium

194 675 258 719 suae
273 656 425 734 ecclesie,
443 657 496 737 qui
516 657 666 720 abscessit
689 675 708 717 a
726 658 823 720 clroro
839 677 897 739 pro
913 661 1124 724 celebratione

193 751 297 812 misse
313 750 431 829 absque
446 749 574 812 obtenta
598 750 737 830 praefecti
762 750 898 829 licentia,
923 753 980 814 sed
999 759 1125 816 tantum

194 861 267 904 oum
280 843 364 904 bona
375 842 449 919 fida,
462 844 582 921 praevia
598 843 691 905 solita
702 842 889 906 salutatione
903 845 935 906 in
950 845 1091 908 discessu
1106 867 1126 908 a

110 963 114 970 ·
194 934 290 997 abore
312 933 404 1015 juxta
423 934 565 996 ecclesiae
591 935 860 998 consuetudinem.
883 937 963 998 Hinc
986 939 1126 1017 postulat

194 1030 456 1107 punctaturarum
478 1026 717 1090 restitutionem.
750 1029 782 1089 S.
812 1029 845 1090 G.
873 1028 901 1089 ei
924 1047 988 1090 non
1015 1031 1126 1092 debari

195 1120 312 1182 dietam
325 1118 554 1181 restitutionem
569 1120 705 1182 resolvit.
729 1119 777 1200 (ll
793 1123 872 1199 sept.
888 1121 990 1201 1796.)
1005 1123 1124 1184 lladem

194 1215 345 1292 estpoena
360 1216 468 1274 contra
477 1212 653 1274 fabulantes
668 1213 700 1272 in
710 1212 820 1290 choro,
835 1219 866 1274 et
878 1231 932 1276 eos
947 1213 999 1294 qui
1010 1214 1121 1276 officiis

193 1306 349 1366 intersunt
384 1303 451 1366 siue
477 1304 586 1366 habitu
610 1303 792 1367 canonicali.
825 1304 869 1383 (S.
898 1307 995 1385 (long.
1021 1307 1116 1386 episc.

195 1401 306 1478 lsept.
323 1396 427 1476 1591.)
738 1451 741 1457 .

235 1492 286 1551 10σ
307 1488 464 1552 Canonico
477 1489 617 1551 ecclesia
628 1488 851 1552 cathedralisF
853 1534 916 1553 .....
922 1535 929 1568 ,
944 1490 996 1570 qui
1011 1492 1123 1556 incubo

194 1583 344 1664 podagrae
359 1582 503 1644 detentus
513 1574 600 1644 statis
612 1582 698 1644 horis
712 1582 809 1644 choro
824 1583 974 1646 interesse
988 1603 1052 1647 uon
1068 1602 1124 1664 po-

194 1675 274 1752 tuit,
305 1678 336 1737 et
358 1690 483 1752 semper
501 1674 540 1735 de
564 1673 691 1752 capituli
713 1692 868 1737 consensu
890 1675 1124 1738 distributiones

195 1766 395 1850 quotidianas
409 1766 560 1846 percepit,
573 1766 669 1828 modo
681 1766 883 1829 debenturex
898 1768 1025 1832 der-reto
1038 1770 1121 1834 S..G.

193 1863 259 1924 tam
273 1859 446 1939 ordinariae]
459 1877 554 1940 quam
568 1857 843 1936 extraordinariae,
862 1866 893 1922 et
916 1878 1124 1941 quoecumque

196 1953 258 2014 alia
269 1953 483 2028 emolumenta
497 1958 528 2016 et
550 1951 753 2012 obventiones
779 1951 894 2014 debitae
908 1952 1029 2014 caeieris
1042 1970 1124 2033 prae·

195 2046 334 2109 sentibus
349 2044 527 2122 canonicis,
544 2043 681 2123 exceptis
703 2046 826 2105 tantum
848 2043 886 2106 iis
906 2060 977 2127 qua
1000 2043 1066 2106 sive
1087 2064 1126 2106 ex

194 2136 538 2214 voluntate‘tesratoris,
552 2136 618 2200 sive
634 2155 672 2198 ex
689 2139 818 2213 statuto,
835 2135 901 2198 sive
913 2153 951 2197 ex
962 2139 1126 2199 eonsuetu-

195 2229 268 2292 dine
283 2223 422 2291 ecclesiae
439 2232 562 2291 tantum
575 2231 648 2290 actu
662 2227 943 2290 intervenientibus
957 2228 1124 2292 debentur.

196 2323 247 2404 (18
262 2323 332 2386 dec.
347 2322 449 2402 1715.)
461 2321 549 2385 Idem
563 2321 732 2384 dicendum
744 2320 783 2384 de
799 2320 867 2382 aliis
889 2320 1125 2398 infirmitatibus

197 2434 268 2496 quaa
290 2434 310 2477 a
332 2415 542 2478 celebratione
568 2414 745 2477 divinorum
769 2413 944 2477 officiorum
962 2417 1122 2484 excusant.

134 2539 136 2544 ·
196 2511 315 2571 'lamen
335 2506 485 2569 canonico
497 2506 621 2569 infirmo
645 2524 709 2569 nou
723 2505 877 2568 debentur
891 2504 1125 2568 distributiones

196 2598 312 2662 aidum
326 2600 395 2661 erat
409 2616 515 2676 sanus,
531 2616 594 2661 non
610 2602 817 2662 consueverat
830 2599 981 2661 interesse
996 2596 1121 2659 divinis.

199 2693 249 2773 (29
262 2709 336 2772 aug.
354 2690 457 2770 lara.)
862 2683 864 2688 ’

236 2787 286 2845 11ο
307 2782 481 2848 canonicos
511 2782 610 2846 teneri
638 2783 765 2846 omnino
797 2783 956 2864 psallere,
983 2781 1123 2862 alioquin

196 2875 381 2957 obligationi
395 2895 459 2938 suae
483 2893 546 2937 non
560 2874 740 2938 satisfacere
754 2875 932 2938 resolvitur.
948 2875 997 2954 (27
1018 2874 1125 2936 martii

196 2968 300 3049 1602.)
326 2972 445 3030 'lamen
471 2986 509 3028 ex
540 2966 682 3047 legitimo
707 2967 931 3048 impedimento
957 2965 1124 3028 debilitatis

195 3061 283 3124 vocis
296 3065 485 3123 excusantur
498 3060 561 3121 alta
577 3077 654 3122 voce
671 3060 822 3140 psallere3
846 3059 902 3121 sed
922 3057 1124 3121 nihilominus

196 3157 343 3216 tenentur
356 3151 563 3233 personaliter
577 3151 691 3214 divinis
706 3152 868 3214 interesse.
885 3152 915 3232 (8
928 3151 1006 3212 maii
1023 3149 1124 3229 1619.)

196 3245 236 3305 rt
255 3245 349 3308 dubio
374 3244 513 3322 exposito
540 3243 751 3323 abepiscopo
778 3263 785 3304 :
810 3261 851 3304 an
877 3243 1046 3306 canonicus
1072 3240 1126 3322 qui

197 3334 281 3398 solus
292 3339 325 3397 in
340 3343 406 3398 arte
420 3355 477 3415 per
489 3339 588 3398 totam
597 3335 798 3396 dioecesimin
809 3335 982 3398 cathedrali
995 3334 1126 3398 ccclesia

197 3429 338 3508 tempore
361 3426 547 3492 solemnium
570 3425 746 3492 officiorum
771 3444 927 3510 organum
951 3428 1066 3510 pulsat,
1094 3429 1125 3494 et
1172 3433 1175 3439 '
