2584 4022
561 368 600 416 DE
620 368 758 418 stultus.

425 582 428 588 -
543 553 711 603 eustatmus
728 557 763 603 11.

506 696 552 759 De
559 697 792 780 probationibus.

227 861 292 922 vll.
320 857 406 935 (laid,
427 865 457 920 et
469 857 629 940 quotuplea
642 858 682 919 sit
693 857 849 939 probatio?
861 861 956 921 Recta
970 860 1119 922 definitur

187 952 330 1033 probatio
340 950 373 1012 iu
385 969 510 1032 genere,
526 951 611 1032 quod
625 950 665 1014 sit
677 954 764 1014 actus
775 950 945 1033 judicialis,
962 952 1046 1035 quod
1060 971 1118 1032 per

186 1046 405 1121 instrumenta,
420 1047 476 1106 aut
486 1047 592 1123 testes,
616 1047 671 1106 aut
688 1043 803 1107 idonea
824 1047 1010 1126 argumenta
1027 1045 1066 1108 de
1082 1063 1117 1108 ra

187 1142 392 1201 controversa
398 1137 497 1218 judici
511 1137 546 1200 fit
559 1137 648 1200 fides.

226 1231 381 1294 Dividitur
394 1233 500 1293 autem
509 1230 610 1311 primo
621 1230 654 1291 in
665 1230 939 1314 artifieiclcrn‚quae
948 1235 1014 1295 arte
1026 1236 1058 1294 et
1071 1233 1116 1294 iu·

186 1324 307 1387 dustria
320 1323 482 1403 probantis
492 1341 530 1384 ax
546 1323 616 1402 ipsa
626 1341 732 1401 causa,
747 1327 778 1387 et
789 1324 1030 1386 circumstantiis
1042 1323 1118 1386 facti

184 1415 372 1494 desumitur,
381 1415 450 1478 etin
461 1415 538 1477 semi
549 1415 754 1495 artificialem,
763 1434 833 1497 quae
843 1417 1013 1495 atestibus,
1024 1417 1113 1480 verb.

187 1515 284 1594 grat,
300 1512 388 1584 extra
403 1526 531 1571 eausam
543 1508 584 1569 ad
598 1508 694 1570 fidem
707 1508 884 1571 faciendam
897 1508 1074 1572 assumitur.

226 1602 382 1679 Secundo,
403 1601 553 1664 dividitur
563 1601 594 1662 in
604 1601 725 1682 plenum
745 1610 775 1664 et
795 1602 982 1683 smipleaom
999 1603 1117 1684 :plena

184 1695 311 1776 plenam
321 1694 396 1756 facit
411 1694 507 1756 fidem
526 1694 564 1755 de
584 1713 618 1755 re
633 1694 665 1755 in
675 1693 830 1776 judicium
845 1695 999 1773 deducta,
1018 1697 1054 1759 ut
1074 1695 1115 1758 ad

184 1787 370 1851 sententiam
383 1787 546 1849 ferendam
556 1785 655 1868 judex
664 1787 756 1868 plena
765 1789 936 1852 instructus
950 1787 990 1850 sit
1003 1807 1011 1862 3
1024 1787 1115 1850 semi-

183 1883 286 1961 plena,
304 1899 374 1962 quae
397 1880 491 1943 etiam
505 1879 689 1960 imperfecta
700 1879 761 1942 dici
773 1883 893 1960 potest,
913 1885 960 1942 est
975 1880 1030 1942 illa
1044 1898 1114 1961 quae

184 1974 322 2054 aliquam
337 1973 546 2053 quidem,n0n
556 1976 662 2035 tamen
676 1974 803 2054 plenam
812 1974 908 2036 fldem
917 1972 1016 2055 judici
1027 1973 1112 2051 lacit,

183 2070 218 2129 ut
233 2085 270 2128 ex
283 2066 335 2126 illo
347 2065 419 2148 jure
434 2066 553 2128 moveri
572 2067 671 2147 possit
689 2066 933 2129 adsentantium
950 2066 1112 2129 ferendam

182 2177 238 2239 pro
261 2158 321 2220 hac
340 2159 390 2220 vel
406 2158 459 2220 illa
482 2165 582 2237 parte,
600 2163 680 2233 ete.;
710 2159 832 2222 addunt
852 2159 948 2240 aliqui
968 2159 1111 2237 mixtam,

184 2271 253 2332 quae
267 2271 305 2313 ex
318 2252 441 2313 duabus
456 2251 635 2331 semiplenis
645 2251 883 2330 probationibus
901 2254 936 2313 lit
952 2298 960 2330 ,
976 2271 1046 2332 quae
1063 2297 1070 2329 ‚
1087 2252 1114 2314 si

183 2345 224 2408 ad
248 2345 394 2406 eumdem
408 2346 504 2405 finem
521 2343 674 2420 tendant,
692 2342 924 2423 conjunguntur
940 2343 1062 2422 (saltem
1080 2344 1114 2404 in

184 2437 285 2500 causis
304 2435 457 2518 civilibus)
473 2436 514 2497 ad
528 2449 624 2496 unam
633 2435 759 2515 plenam
767 2435 987 2516 probationem
998 2435 1114 2497 facien·

183 2530 256 2590 dam
271 2529 347 2611 (sive
362 2530 425 2591 sint
440 2528 593 2611 ejusdem,
611 2529 676 2591 sive
692 2528 807 2590 diversi
818 2526 943 2609 generis
955 2527 1115 2608 probatio

182 2622 260 2702 nes),
276 2640 339 2683 non
354 2628 460 2685 autem
472 2623 499 2683 si
513 2623 552 2684 ad
569 2622 712 2684 diversus
730 2623 809 2684 lines
822 2623 972 2699 tendant,
984 2639 1068 2699 oum,
1083 2621 1115 2683 in

182 2714 234 2776 ille
249 2733 343 2797 casu,
358 2733 431 2796 quea
448 2715 572 2795 singula
588 2734 651 2778 non
664 2715 799 2796 probant
815 2762 823 2794 ,
841 2716 971 2779 colecta
990 2714 1112 2795 juvent.

181 2809 216 2870 ln
226 2807 286 2870 hoc
295 2826 370 2870 sero
383 2827 468 2886 casu,
479 2827 551 2870 cum
565 2809 606 2871 ad
620 2809 894 2886 diversatendant,
909 2824 971 2869 non
984 2811 1116 2888 possunt

182 2919 278 2962 uuum
289 2901 436 2983 idemque
449 2903 594 2980 probare.

220 2995 338 3071 Tertio,
356 2993 506 3056 dividitur
515 2993 547 3053 in
552 2993 739 3073 judicialem,
751 3010 821 3073 quae
829 2992 863 3052 fit
870 2992 902 3052 in
909 2989 1028 3071 judicio
1043 2993 1115 3070 port

180 3085 242 3148 litis
257 3086 534 3163 contestationem,
550 3104 569 3146 a
584 3104 647 3165 qua
658 3084 815 3164 judicium
829 3083 936 3146 stricte
963 3083 1112 3146 inchoare

181 3177 305 3257 dicitur,
318 3181 350 3241 et
363 3180 394 3240 ia
408 3177 675 3260 eatrajudieiulem,
693 3194 763 3258 quae
778 3178 814 3239 fit
836 3180 924 3237 extra
934 3174 1090 3257 judicium
1105 3221 1113 3255 ‚
1259 3209 1260 3226 κ

180 3272 231 3332 vel
243 3275 315 3333 ante
325 3270 386 3334 litis
402 3271 671 3334 contestationem.

221 3368 336 3438 Quarto
349 3365 484 3445 denique
501 3365 563 3426 alia
565 3363 659 3446 juris,
677 3362 738 3425 alia
751 3363 830 3444 faeti
840 3362 985 3443 probatio
1002 3362 1115 3445 aliqui-

58 3494 62 3504 ·
180 3458 373 3534 busdicitur‚
387 3476 456 3539 qum
474 3457 499 3519 si
523 3458 609 3534 velit,
631 3457 716 3537 quod
727 3457 779 3539 jus
791 3455 960 3537 aliquando
976 3457 1112 3536 proban-

182 3551 257 3612 dum
267 3550 316 3628 sit,
334 3550 502 3631 aliquando
517 3570 592 3615 vero
607 3551 744 3630 factum,
768 3567 878 3614 verum
891 3548 1020 3632 quidem
1035 3547 1110 3612 dicit

990 3656 1022 3712 4·
