2586 4020
521 287 561 334 on
580 287 718 336 marens.
1034 273 1089 338 ret

163 452 221 516 pro
236 431 324 496 nulle
336 432 500 511 habeatur,
515 433 540 494 si
555 452 619 496 non
632 432 840 496 concordibus
848 431 991 516 judicum
1012 433 1094 498 votis

163 523 1095 600 letesit;velnisicausadecidendasitexeonsensuduorum

165 619 387 698 collegiorum,
407 636 469 700 quo
490 618 522 680 in
540 637 615 682 casu
634 637 697 680 non
711 619 814 700 maj0r
826 639 900 700 pars
915 621 1020 702 quoad
1034 641 1094 684 uu*

164 730 286 772 merum
300 729 506 790 personarum
521 712 702 789 attenditur,
713 713 768 774 sed
779 713 881 794 major
894 732 968 793 pars
981 714 1093 778 utrius·

165 823 227 885 que
243 805 377 883 collegii.

203 899 239 959 In
255 915 422 975 casuvero,
440 913 501 978 quo
511 896 573 959 duo
584 899 657 960 eunt
667 896 801 978 judices,
817 915 951 978 quorum
962 897 1094 978 quilibet

166 991 324 1052 diversam
336 991 376 1052 eb
390 991 490 1052 altero
500 989 688 1053 sententiam
700 990 831 1070 profert,
844 990 894 1052 vel
906 990 1011 1070 plures
1027 989 1094 1070 qui-

165 1083 239 1146 dem
251 1101 360 1144 eorum
374 1085 457 1161 sunt,
473 1083 505 1143 in
520 1100 651 1146 numero
664 1087 772 1144 tamen
790 1083 904 1164 aequali
917 1083 950 1144 in
963 1083 1096 1146 ferenda

166 1175 320 1238 sententia
335 1175 620 1253 discordant,tenet
629 1175 692 1253 illa,
702 1175 726 1237 si
735 1175 859 1256 judices
868 1176 930 1239 sint
943 1175 1094 1239 ordinarii

166 1275 198 1330 et
205 1267 456 1350 jurisdictionem
471 1267 503 1329 in
525 1267 661 1333 solidum
680 1267 812 1349 quilibet
834 1285 944 1331 eorum
966 1267 1093 1346 habeat,

167 1379 238 1442 quae
250 1379 307 1442 pro
319 1379 373 1424 reo
386 1361 496 1439 fertur,
514 1365 708 1437 nouantem,
724 1377 794 1440 quoe
808 1361 907 1422 fertur
916 1379 973 1440 pro
989 1363 1096 1422 actore

168 1455 252 1536 (oum
272 1453 510 1516 favorabiliores
533 1453 596 1530 sint
615 1459 720 1532 partes
734 1451 798 1530 rei,
816 1467 912 1533 quam
926 1453 1042 1515 actoris
1063 1455 1096 1515 et

166 1546 362 1628 promptiora
375 1546 438 1610 sint
448 1545 522 1628 jura
535 1546 575 1606 ad
590 1544 836 1624 absolvendum,
856 1551 952 1627 quam
966 1543 1007 1606 ed
1021 1547 1097 1609 cota

168 1640 391 1717 damnandum,
413 1639 474 1700 nisi
486 1637 641 1706 sententia
653 1655 711 1718 pro
725 1639 830 1700 actore
852 1637 885 1699 in
898 1643 993 1702 cansa
1010 1637 1096 1701 ferd·-

166 1731 268 1810 rabili,
282 1750 339 1814 pro
353 1732 460 1793 valore
474 1730 677 1810 matrimonii,
690 1750 721 1794 v.
736 1749 782 1812 3.,
798 1749 855 1811 pro
865 1731 1022 1810 libertate,
1038 1749 1096 1812 pro

167 1826 251 1903 dote,
265 1843 322 1904 pro
336 1824 443 1887 valore
457 1825 648 1902 testamenti,
664 1827 737 1902 etc,
753 1825 818 1886 late
832 1823 891 1900 s1t3
908 1824 957 1887 his
968 1823 1052 1886 enim
1063 1824 1096 1886 in

168 1918 304 1995 casibus,
321 1917 347 1979 si
357 1916 481 1998 judices
507 1917 581 1980 dicti
608 1916 721 1998 aequali
745 1934 877 1980 numero
901 1916 1094 1993 discordent,

168 2011 252 2073 velet
262 2010 428 2088 sententia,
444 2027 513 2092 qnae
528 2027 586 2091 pro
599 2013 704 2073 actore
718 2009 783 2074 lata
797 2013 855 2088 est,
870 2011 911 2072 ob
928 2009 1097 2090 specialem

170 2119 337 2165 causarum
358 2102 483 2164 illarum
506 2103 658 2164 favorem.
681 2103 715 2166 Si
733 2120 809 2166 vero
830 2103 893 2164 sint
912 2101 1098 2183 judicesad

169 2195 337 2275 specialem
348 2199 607 2258 tantumcausam
621 2195 769 2275 delegati,
785 2195 838 2276 qui
858 2195 891 2256 in
905 2196 1019 2277 aequali
1039 2213 1099 2256 nu-

168 2305 257 2350 mero
276 2287 380 2369 quoad
400 2285 589 2350 seutentiam
609 2287 816 2364 discordant,
835 2292 911 2349 tuno
933 2287 1095 2367 superior,

167 2381 233 2442 sive
249 2380 398 2460 delegans
407 2379 590 2442 adeundum
604 2382 661 2457 est,
678 2379 829 2460 adquam
843 2378 1097 2442 causasufficien·

167 2476 216 2536 ter
230 2473 383 2536 instructa
409 2471 526 2534 remitti
547 2472 641 2533 debet
657 2490 714 2554 pro
740 2472 895 2534 sententia
915 2471 1095 2550 obtinenda,

169 2564 244 2646 quia
255 2565 287 2628 in
301 2567 356 2628 tali
372 2583 447 2628 casu
465 2568 576 2628 neuter
590 2565 690 2647 habet
707 2564 958 2646 jurisdictionem
978 2565 1011 2627 in
1025 2565 1099 2628 soli-

169 2658 246 2720 dum
275 2659 398 2738 (saltem
430 2658 534 2740 quoad
562 2674 673 2735 usum,
701 2661 733 2720 et
755 2658 949 2740 exercitium)
964 2661 995 2722 et
1017 2677 1099 2723 unus

169 2751 235 2813 sive
257 2751 354 2815 altero
369 2751 541 2833 procedere
557 2750 737 2832 (ordinarie)
750 2754 805 2814 aut
818 2751 1005 2815 sententiam
1016 2752 1098 2814 ferre

170 2859 234 2906 non
247 2847 360 2923 potest.

210 2935 243 2998 Si
258 2955 339 2998 unus
349 2934 492 3016 ‚indicum
503 2935 553 2998 vel
568 2935 771 3014 arbitrorum,
788 2937 996 3016 presentibus
1015 2936 1096 3015 aliis,

170 3028 404 3106 mandantibus,
421 3032 475 3090 aut
497 3027 763 3090 consentientibus
788 3029 911 3109 (saltem
925 3047 964 3090 ex
975 3027 1098 3108 majore

170 3121 270 3202 parte)
287 3122 438 3202 scriptam
455 3122 643 3186 sententiam
664 3121 793 3199 recitet,
824 3121 954 3201 perinde
972 3120 1099 3183 censeri

170 3214 275 3291 debet,
290 3233 327 3277 eo
341 3213 366 3276 si
380 3214 472 3275 simul
491 3213 531 3276 ab
552 3213 697 3277 omnibus
714 3213 894 3295 judicibus,
909 3211 959 3276 vel
975 3214 1100 3278 arbitris

170 3307 301 3370 recitata
311 3307 432 3384 fuisset,
448 3306 592 3386 quamvis
612 3307 695 3368 enim
709 3307 866 3382 sententie
887 3307 1021 3388 proferri
1036 3326 1100 3371 non

170 3399 269 3479 possit
283 3417 341 3480 per
352 3399 459 3477 atium,
472 3399 647 3477 utdictum,
659 3402 763 3480 potest
773 3404 880 3463 tamen
893 3401 1029 3482 proferri
1042 3416 1101 3482 per

172 3491 270 3556 alium
292 3492 345 3574 qui
362 3495 410 3558 est
428 3491 467 3554 de
484 3507 615 3555 numero
638 3491 800 3574 judicum,
824 3494 919 3559 modo
933 3495 966 3558 in
985 3493 1099 3577 plurali
