2586 4020
204 271 264 338 tto
401 241 638 334 ¹exstinctiones
658 281 741 332 tuus
762 278 917 332 cescum.

203 431 390 510 audiantur,
412 429 472 494 nisi
486 429 573 510 prius
586 431 768 509 protestate
789 427 921 491 fuissent
936 429 1042 508 pectes
1057 429 1134 511 (non

201 528 324 590 tentum
333 523 472 606 generali
482 521 621 584 clausula
636 542 643 582 ε
657 521 745 583 solcis
754 520 1046 602 oliicecceptiocitce
1057 541 1063 582 :
1076 522 1133 584 sed

201 618 234 682 in
249 618 364 700 specie,
379 620 411 680 et
433 615 561 697 quidem
574 615 607 676 iu
622 614 737 693 scripto
751 613 952 694 exprimendo
969 633 1032 692 eus,
1054 633 1133 697 ques

201 708 578 791 velintposteeprobere)
591 727 599 781 ;
614 710 668 769 cut
693 707 833 786 exceptio
858 707 1023 788 aliquado
1049 725 1132 770 novo

202 806 378 884 emergeret
396 800 477 882 perti
500 803 691 880 competens,
714 799 763 860 vel
777 798 837 860 nisi
855 799 882 860 is
904 800 957 880 qui
973 817 1132 880 opponere

201 897 279 974 vult,
288 894 467 975 juramento
482 894 623 969 asseret,
639 909 673 952 se
688 894 760 969 post
772 891 895 972 lepsum
907 893 1077 954 terminum
1091 893 1132 954 ed

201 988 345 1052 notitiem
366 985 449 1048 illius
474 985 611 1065 primum
627 983 807 1063 pervenisse
836 984 888 1064 (ed
918 985 1129 1064 decidendas,

201 1081 321 1144 scilicet
335 1126 345 1157 ,
360 1086 392 1140 et
405 1076 633 1140 abbreviendes
652 1075 743 1154 lites,
762 1077 829 1138 sine
850 1076 1003 1157 singulari
1025 1081 1132 1140 temen

200 1170 337 1253 partium
348 1168 555 1252 prejudicio);
565 1171 620 1232 eut
628 1168 654 1229 si
662 1167 744 1230 intre
755 1168 926 1232 terminum
935 1161 1148 1251 assignatum
1268 1151 1269 1210 Ῑ

150 1259 151 1262 ’
200 1265 336 1346 probare
349 1262 564 1343 exceptionem
575 1260 671 1324 telem
685 1279 749 1324 non
762 1261 888 1341 poterit,
909 1263 1008 1342 pessit
1025 1266 1131 1326 temen

200 1359 312 1438 posteo-
322 1355 423 1438 (perio
436 1355 520 1417 enim
531 1358 604 1418 sunt
617 1372 682 1417 non
696 1357 875 1434 competere
887 1357 1103 1435 exceptionem
1120 1401 1128 1435 ‚

202 1455 235 1512 et
246 1467 317 1512 cem
330 1448 459 1530 probari
470 1465 533 1510 non
547 1445 650 1528 posse)
664 1466 671 1522 ;
687 1450 741 1509 eut
751 1448 891 1527 exceptio
901 1447 941 1510 sit
958 1449 997 1510 de
1011 1450 1132 1512 incom-

201 1539 341 1622 petentia
356 1538 483 1621 judicis,
499 1539 532 1600 in
550 1557 645 1620 quem
658 1558 732 1621 pars
753 1539 928 1602 consentire
951 1558 1013 1603 non
1034 1543 1132 1622 possit

202 1630 492 1714 (quieestexoeptio
501 1630 742 1712 subiectisque
752 1632 1127 1714 semperopponipotest);

201 1727 256 1788 eut
266 1725 307 1787 sit
317 1723 457 1804 exceptio
469 1722 532 1786 litis
543 1721 650 1801 finite,
662 1724 702 1784 ed
712 1727 923 1805 peremptorie
929 1725 1131 1806 infringenda

200 1816 314 1880 merite
323 1833 440 1892 coueae3
454 1816 505 1880 vel
514 1815 576 1877 sint
583 1816 782 1896 exceptiones
791 1817 955 1880 contrectes
964 1835 984 1880 s
993 1837 1049 1886 reo
1059 1835 1130 1900 pro·

201 1909 322 1992 posite,
338 1927 412 1991 quse
426 1927 498 1972 cum
512 1906 605 1972 simul
625 1909 752 1990 probari
774 1928 837 1972 non
852 1917 1005 1990 possunt,
1027 1913 1131 1990 potest

200 2019 274 2066 rsus
284 2002 324 2064 ub
340 2019 403 2064 une
416 2001 580 2082 prebende
593 2002 725 2064 transire
741 2002 780 2064 cd
798 2002 913 2080 oliam,
930 2005 982 2065 vel
995 2003 1130 2084 denique

201 2095 242 2156 sit
256 2095 395 2174 exceptio
412 2093 752 2156 excommunicationis.

240 2187 372 2250 Etiamsi
385 2186 529 2267 specifice
543 2186 584 2248 ad
603 2185 841 2266 proponendam
860 2187 955 2250 etiem
973 2186 1130 2267 exceptio·

201 2297 275 2348 nem
288 2277 620 2344 excommunicationis
630 2278 712 2341 intre
723 2281 850 2358 'tempus
861 2279 1025 2359 prefixum
1031 2278 1130 2361 judex

154 2403 155 2406 ¹
201 2373 345 2438 statuerit
356 2369 664 2455 (quiebeneflciumo
669 2370 741 2452 jure
752 2389 945 2450 concessum,
953 2390 1016 2434 non
1026 2377 1131 2452 potest

202 2466 324 2528 auferre
333 2463 455 2545 judex),
472 2467 503 2526 et
523 2464 548 2524 si
566 2463 636 2544 quis
650 2463 746 2526 etiem
758 2463 914 2545 juraverit
931 2482 965 2527 se
990 2483 1053 2527 non
1075 2481 1130 2545 op·
1237 2525 1239 2530 .

201 2557 377 2636 positurum
387 2555 468 2617 hanc
479 2555 1045 2637 excommunicationisexceptionem;
1058 2574 1130 2618 cnm

199 2647 271 2710 telis
282 2646 425 2728 exceptio
439 2665 501 2708 non
510 2652 576 2708 tem
588 2647 621 2708 in
635 2647 775 2710 favorem
789 2650 887 2727 partis
901 2667 997 2729 qnam
1013 2651 1052 2712 ob
1072 2648 1128 2712 bo-

187 2750 278 2803 ¹uum
291 2738 453 2820 publicum
462 2739 663 2818 concedatur,
680 2744 711 2802 et
725 2740 765 2802 ob
775 2742 950 2820 periculum
960 2741 1084 2804 enimae.

240 2835 284 2897 De
309 2830 528 2911 peremptoriis
552 2834 658 2894 temen
688 2833 948 2913 exceptionibus,
976 2838 1083 2897 utrum
1109 2849 1128 2893 a

196 2923 303 3007 judice
318 2927 422 2988 coitus
440 2924 536 2986 etiem
548 2925 700 2987 terminus
712 2925 772 2988 illis
794 2927 914 3006 praefigi
935 2927 1044 3007 possit,
1064 2941 1126 3008 quo

200 3017 306 3099 elapso
319 3035 383 3081 non
395 3015 528 3098 emplius
543 3017 722 3096 audientur,
737 3018 882 3081 dubitent
895 3021 961 3082 AA.
979 3037 1043 3081 non
1061 3024 1128 3079 tem

200 3109 285 3192 quod
296 3109 516 3190 possit,·quem
529 3109 688 3189 quomodo
700 3111 808 3190 possit.
824 3113 892 3183 Qua
913 3111 945 3172 in
962 3128 997 3172 re
1016 3109 1128 3172 distin-

199 3200 502 3281 guendumvidetnr,
518 3201 562 3262 ite
573 3193 608 3263 ut
625 3200 725 3282 judex
742 3203 912 3265 terminum
928 3203 1043 3266 talibus
1057 3192 1127 3283 per'·

199 3293 361 3372 emptoriis
386 3293 620 3374 exceptionibus
651 3294 837 3374 praefixerit,
860 3296 910 3358 vel
929 3313 1002 3358 cum
1025 3311 1128 3358 ceusae

199 3383 388 3465 cognitione,
404 3385 455 3448 vel
466 3385 533 3448 sine
553 3401 610 3447 ec:
625 3384 651 3447 si
666 3385 752 3465 prius
770 3386 922 3468 contigit,
946 3406 1010 3450 non
1025 3389 1129 3468 potest

149 3500 152 3506 ·
199 3494 282 3559 reus,
296 3480 369 3560 post
382 3477 524 3560 clapsum
536 3476 723 3560 terminum,
743 3480 1059 3564 peremptoriestcles
1076 3498 1128 3544 ex·
