<?xml version="1.0" encoding="UTF-8"?>
<!DOCTYPE html PUBLIC "-//W3C//DTD XHTML 1.0 Transitional//EN"
    "http://www.w3.org/TR/xhtml1/DTD/xhtml1-transitional.dtd">
<html xmlns="http://www.w3.org/1999/xhtml" xml:lang="en" lang="en">
 <head>
  <title>
</title>
<meta http-equiv="Content-Type" content="text/html;charset=utf-8" />
  <meta name='ocr-system' content='tesseract 3.04.00' />
  <meta name='ocr-capabilities' content='ocr_page ocr_carea ocr_par ocr_line ocrx_word'/>
</head>
<body>
  <div class='ocr_page' id='page_1' title='image "./institutionesju01marigoog_0184.png"; bbox 0 0 2586 4020; ppageno 0'>
   <div class='ocr_carea' id='block_1_1' title="bbox 401 224 1120 287">
    <p class='ocr_par' dir='ltr' id='par_1_1' title="bbox 401 224 1120 287">
     <span class='ocr_line' id='line_1_1' title="bbox 401 224 1120 287; baseline 0.006 -6"><span class='ocrx_word' id='word_1_1' title='bbox 401 235 440 282; x_wconf 85' lang='lat' dir='ltr'><strong>nn</strong></span> <span class='ocrx_word' id='word_1_2' title='bbox 462 234 602 284; x_wconf 81' lang='lat' dir='ltr'><strong>nxrrnno</strong></span> <span class='ocrx_word' id='word_1_3' title='bbox 623 237 774 284; x_wconf 73' lang='lat' dir='ltr'><strong>occasun</strong></span> <span class='ocrx_word' id='word_1_4' title='bbox 793 235 898 287; x_wconf 78' lang='lat' dir='ltr'><strong>srsru.</strong></span> <span class='ocrx_word' id='word_1_5' title='bbox 1063 224 1120 286; x_wconf 77' lang='lat'><strong>177</strong></span> 
     </span>
    </p>
   </div>
   <div class='ocr_carea' id='block_1_2' title="bbox 188 379 1123 702">
    <p class='ocr_par' dir='ltr' id='par_1_2' title="bbox 188 379 1123 628">
     <span class='ocr_line' id='line_1_2' title="bbox 188 379 1122 466; baseline 0.001 -24"><span class='ocrx_word' id='word_1_6' title='bbox 188 379 317 444; x_wconf 81' lang='lat' dir='ltr'><strong>libertas</strong></span> <span class='ocrx_word' id='word_1_7' title='bbox 333 397 404 446; x_wconf 88' lang='lat' dir='ltr'><strong>oum</strong></span> <span class='ocrx_word' id='word_1_8' title='bbox 424 380 514 460; x_wconf 79' lang='lat' dir='ltr'><strong>lege,</strong></span> <span class='ocrx_word' id='word_1_9' title='bbox 535 379 580 442; x_wconf 87' lang='lat' dir='ltr'><strong>ite</strong></span> <span class='ocrx_word' id='word_1_10' title='bbox 600 379 784 444; x_wconf 86' lang='lat' dir='ltr'><strong>conciliatur</strong></span> <span class='ocrx_word' id='word_1_11' title='bbox 803 381 837 442; x_wconf 95' lang='lat' dir='ltr'><strong>in</strong></span> <span class='ocrx_word' id='word_1_12' title='bbox 857 380 1018 462; x_wconf 78' lang='lat' dir='ltr'>republica</span> <span class='ocrx_word' id='word_1_13' title='bbox 1033 381 1122 466; x_wconf 52' lang='lat' dir='ltr'><strong>inde</strong></span> 
     </span>
     <span class='ocr_line' id='line_1_3' title="bbox 188 473 1123 579; baseline 0.005 -46"><span class='ocrx_word' id='word_1_14' title='bbox 188 473 359 579; x_wconf 71' lang='lat' dir='ltr'><strong>pendentia</strong></span> <span class='ocrx_word' id='word_1_15' title='bbox 379 491 452 534; x_wconf 90' lang='lat' dir='ltr'><strong>oum</strong></span> <span class='ocrx_word' id='word_1_16' title='bbox 473 473 667 554; x_wconf 87' lang='lat' dir='ltr'><strong>subjectione</strong></span> <span class='ocrx_word' id='word_1_17' title='bbox 691 473 869 537; x_wconf 79' lang='lat' dir='ltr'><strong>auctoritati</strong></span> <span class='ocrx_word' id='word_1_18' title='bbox 889 473 1007 536; x_wconf 85' lang='lat' dir='ltr'>ordinis</span> <span class='ocrx_word' id='word_1_19' title='bbox 1028 494 1123 556; x_wconf 86' lang='lat' dir='ltr'><strong>supe-</strong></span> 
     </span>
     <span class='ocr_line' id='line_1_4' title="bbox 189 585 290 628; baseline 0.01 -2"><span class='ocrx_word' id='word_1_20' title='bbox 189 585 290 628; x_wconf 78' lang='lat' dir='ltr'><strong>noris.</strong></span> 
     </span>
    </p>

    <p class='ocr_par' dir='ltr' id='par_1_3' title="bbox 589 662 715 702">
     <span class='ocr_line' id='line_1_5' title="bbox 589 662 715 702; baseline -0.008 0"><span class='ocrx_word' id='word_1_21' title='bbox 589 662 715 702; x_wconf 79' lang='lat' dir='ltr'><strong>Corollaria.</strong></span> 
     </span>
    </p>
   </div>
   <div class='ocr_carea' id='block_1_3' title="bbox 229 765 1123 848">
    <p class='ocr_par' dir='ltr' id='par_1_4' title="bbox 229 765 1123 848">
     <span class='ocr_line' id='line_1_6' title="bbox 229 765 1123 848; baseline 0.006 -21"><span class='ocrx_word' id='word_1_22' title='bbox 229 767 307 827; x_wconf 83' lang='lat' dir='ltr'><strong>Cum</strong></span> <span class='ocrx_word' id='word_1_23' title='bbox 329 765 482 828; x_wconf 82' lang='lat' dir='ltr'><strong>terminus</strong></span> <span class='ocrx_word' id='word_1_24' title='bbox 509 765 640 828; x_wconf 87' lang='lat' dir='ltr'><strong>actionis</strong></span> <span class='ocrx_word' id='word_1_25' title='bbox 666 765 813 828; x_wconf 75' lang='lat' dir='ltr'><strong>Ecclesiae</strong></span> <span class='ocrx_word' id='word_1_26' title='bbox 836 767 980 848; x_wconf 81' lang='lat' dir='ltr'><strong>designet</strong></span> <span class='ocrx_word' id='word_1_27' title='bbox 998 767 1123 832; x_wconf 87' lang='lat' dir='ltr'><strong>initium</strong></span> 
     </span>
    </p>
   </div>
   <div class='ocr_carea' id='block_1_4' title="bbox 189 858 1230 939">
    <p class='ocr_par' dir='ltr' id='par_1_5' title="bbox 189 858 1230 939">
     <span class='ocr_line' id='line_1_7' title="bbox 189 858 1230 939; baseline 0 -17"><span class='ocrx_word' id='word_1_28' title='bbox 189 858 319 924; x_wconf 86' lang='lat' dir='ltr'><strong>actionis</strong></span> <span class='ocrx_word' id='word_1_29' title='bbox 333 858 430 920; x_wconf 90' lang='lat' dir='ltr'><strong>civilis</strong></span> <span class='ocrx_word' id='word_1_30' title='bbox 445 859 649 937; x_wconf 74' lang='lat' dir='ltr'><strong>auctoritatis,</strong></span> <span class='ocrx_word' id='word_1_31' title='bbox 662 863 786 939; x_wconf 83' lang='lat' dir='ltr'><strong>oportet</strong></span> <span class='ocrx_word' id='word_1_32' title='bbox 807 860 937 922; x_wconf 90' lang='lat' dir='ltr'><strong>definire</strong></span> <span class='ocrx_word' id='word_1_33' title='bbox 952 861 1122 923; x_wconf 89' lang='lat' dir='ltr'><strong>terminum</strong></span> <span class='ocrx_word' id='word_1_34' title='bbox 1225 887 1230 897; x_wconf 91' lang='lat'><strong>·</strong></span> 
     </span>
    </p>
   </div>
   <div class='ocr_carea' id='block_1_5' title="bbox 104 950 1122 1774">
    <p class='ocr_par' dir='ltr' id='par_1_6' title="bbox 104 950 1122 1774">
     <span class='ocr_line' id='line_1_8' title="bbox 189 950 1122 1034; baseline 0.001 -21"><span class='ocrx_word' id='word_1_35' title='bbox 189 950 319 1013; x_wconf 85' lang='lat' dir='ltr'><strong>aetionis</strong></span> <span class='ocrx_word' id='word_1_36' title='bbox 333 951 479 1013; x_wconf 77' lang='lat' dir='ltr'><strong>Ecclesiae</strong></span> <span class='ocrx_word' id='word_1_37' title='bbox 497 955 532 1013; x_wconf 89' lang='lat' dir='ltr'><strong>ut</strong></span> <span class='ocrx_word' id='word_1_38' title='bbox 543 954 650 1033; x_wconf 86' lang='lat' dir='ltr'><strong>pateat</strong></span> <span class='ocrx_word' id='word_1_39' title='bbox 664 952 764 1031; x_wconf 85' lang='lat' dir='ltr'><strong>qualis</strong></span> <span class='ocrx_word' id='word_1_40' title='bbox 779 952 819 1014; x_wconf 90' lang='lat' dir='ltr'><strong>sit</strong></span> <span class='ocrx_word' id='word_1_41' title='bbox 831 953 921 1014; x_wconf 88' lang='lat' dir='ltr'><strong>limes</strong></span> <span class='ocrx_word' id='word_1_42' title='bbox 934 970 954 1016; x_wconf 91' lang='lat' dir='ltr'><strong>a</strong></span> <span class='ocrx_word' id='word_1_43' title='bbox 968 972 1030 1034; x_wconf 86' lang='lat' dir='ltr'><strong>quo</strong></span> <span class='ocrx_word' id='word_1_44' title='bbox 1044 953 1122 1016; x_wconf 93' lang='lat' dir='ltr'><strong>inci-</strong></span> 
     </span>
     <span class='ocr_line' id='line_1_9' title="bbox 189 1042 1121 1126; baseline 0.004 -22"><span class='ocrx_word' id='word_1_45' title='bbox 189 1045 254 1126; x_wconf 85' lang='lat' dir='ltr'><strong>piat</strong></span> <span class='ocrx_word' id='word_1_46' title='bbox 273 1042 345 1124; x_wconf 87' lang='lat' dir='ltr'><strong>jure</strong></span> <span class='ocrx_word' id='word_1_47' title='bbox 368 1062 424 1105; x_wconf 92' lang='lat' dir='ltr'><strong>suo</strong></span> <span class='ocrx_word' id='word_1_48' title='bbox 439 1045 596 1123; x_wconf 88' lang='lat' dir='ltr'><strong>imperare</strong></span> <span class='ocrx_word' id='word_1_49' title='bbox 611 1045 767 1125; x_wconf 86' lang='lat' dir='ltr'><strong>princeps.</strong></span> <span class='ocrx_word' id='word_1_50' title='bbox 785 1047 882 1108; x_wconf 86' lang='lat' dir='ltr'><strong>Porro</strong></span> <span class='ocrx_word' id='word_1_51' title='bbox 893 1046 946 1126; x_wconf 85' lang='lat' dir='ltr'><strong>jus</strong></span> <span class='ocrx_word' id='word_1_52' title='bbox 961 1045 1121 1108; x_wconf 88' lang='lat' dir='ltr'><strong>ecclesias-</strong></span> 
     </span>
     <span class='ocr_line' id='line_1_10' title="bbox 104 1135 1120 1219; baseline 0.001 -20"><span class='ocrx_word' id='word_1_53' title='bbox 104 1178 106 1181; x_wconf 94' lang='grc'>-</span> <span class='ocrx_word' id='word_1_54' title='bbox 187 1139 285 1200; x_wconf 90' lang='lat' dir='ltr'><strong>ticum</strong></span> <span class='ocrx_word' id='word_1_55' title='bbox 301 1139 356 1198; x_wconf 91' lang='lat' dir='ltr'><strong>eut</strong></span> <span class='ocrx_word' id='word_1_56' title='bbox 375 1135 588 1214; x_wconf 80' lang='lat' dir='ltr'><strong>dogmaticum</strong></span> <span class='ocrx_word' id='word_1_57' title='bbox 603 1140 651 1198; x_wconf 88' lang='lat' dir='ltr'><strong>est</strong></span> <span class='ocrx_word' id='word_1_58' title='bbox 663 1141 719 1198; x_wconf 85' lang='lat' dir='ltr'><strong>aut</strong></span> <span class='ocrx_word' id='word_1_59' title='bbox 731 1137 952 1217; x_wconf 81' lang='lat' dir='ltr'><strong>disciplicere:</strong></span> <span class='ocrx_word' id='word_1_60' title='bbox 971 1137 1024 1219; x_wconf 87' lang='lat' dir='ltr'><strong>jus</strong></span> <span class='ocrx_word' id='word_1_61' title='bbox 1045 1139 1120 1218; x_wconf 79' lang='lat' dir='ltr'><strong>dog·</strong></span> 
     </span>
     <span class='ocr_line' id='line_1_11' title="bbox 187 1228 1122 1312; baseline 0.001 -21"><span class='ocrx_word' id='word_1_62' title='bbox 187 1229 337 1291; x_wconf 86' lang='lat' dir='ltr'><strong>maticum</strong></span> <span class='ocrx_word' id='word_1_63' title='bbox 349 1248 383 1290; x_wconf 87' lang='lat' dir='ltr'><strong>se</strong></span> <span class='ocrx_word' id='word_1_64' title='bbox 393 1229 434 1290; x_wconf 84' lang='lat' dir='ltr'><strong>ad</strong></span> <span class='ocrx_word' id='word_1_65' title='bbox 445 1229 607 1292; x_wconf 83' lang='lat' dir='ltr'><strong>univorsos</strong></span> <span class='ocrx_word' id='word_1_66' title='bbox 618 1228 761 1291; x_wconf 89' lang='lat' dir='ltr'><strong>homines</strong></span> <span class='ocrx_word' id='word_1_67' title='bbox 781 1231 936 1306; x_wconf 88' lang='lat' dir='ltr'><strong>extendit;</strong></span> <span class='ocrx_word' id='word_1_68' title='bbox 947 1231 1000 1312; x_wconf 87' lang='lat' dir='ltr'><strong>jus</strong></span> <span class='ocrx_word' id='word_1_69' title='bbox 1015 1235 1122 1294; x_wconf 87' lang='lat' dir='ltr'><strong>eutem</strong></span> 
     </span>
     <span class='ocr_line' id='line_1_12' title="bbox 187 1321 1120 1404; baseline 0 -20"><span class='ocrx_word' id='word_1_70' title='bbox 187 1322 386 1401; x_wconf 80' lang='lat' dir='ltr'><strong>disciplinam</strong></span> <span class='ocrx_word' id='word_1_71' title='bbox 401 1322 442 1383; x_wconf 88' lang='lat' dir='ltr'><strong>ad</strong></span> <span class='ocrx_word' id='word_1_72' title='bbox 454 1322 538 1385; x_wconf 88' lang='lat' dir='ltr'><strong>solos</strong></span> <span class='ocrx_word' id='word_1_73' title='bbox 548 1321 755 1386; x_wconf 87' lang='lat' dir='ltr'><strong>christianos:</strong></span> <span class='ocrx_word' id='word_1_74' title='bbox 772 1341 848 1402; x_wconf 81' lang='lat' dir='ltr'><strong>ergo</strong></span> <span class='ocrx_word' id='word_1_75' title='bbox 864 1324 950 1385; x_wconf 88' lang='lat' dir='ltr'><strong>salvo</strong></span> <span class='ocrx_word' id='word_1_76' title='bbox 958 1323 1030 1404; x_wconf 84' lang='lat' dir='ltr'><strong>jure</strong></span> <span class='ocrx_word' id='word_1_77' title='bbox 1044 1323 1120 1403; x_wconf 50' lang='lat' dir='ltr'><strong>dege</strong></span> 
     </span>
     <span class='ocr_line' id='line_1_13' title="bbox 185 1414 1120 1498; baseline 0.002 -22"><span class='ocrx_word' id='word_1_78' title='bbox 185 1416 300 1477; x_wconf 86' lang='lat' dir='ltr'><strong>matico</strong></span> <span class='ocrx_word' id='word_1_79' title='bbox 321 1415 426 1494; x_wconf 88' lang='lat' dir='ltr'><strong>quoad</strong></span> <span class='ocrx_word' id='word_1_80' title='bbox 452 1431 579 1490; x_wconf 75' lang='lat' dir='ltr'><strong>omneS,</strong></span> <span class='ocrx_word' id='word_1_81' title='bbox 605 1415 692 1476; x_wconf 86' lang='lat' dir='ltr'><strong>salvo</strong></span> <span class='ocrx_word' id='word_1_82' title='bbox 712 1414 785 1496; x_wconf 88' lang='lat' dir='ltr'><strong>jure</strong></span> <span class='ocrx_word' id='word_1_83' title='bbox 807 1416 903 1478; x_wconf 87' lang='lat' dir='ltr'><strong>etiam</strong></span> <span class='ocrx_word' id='word_1_84' title='bbox 928 1415 1120 1498; x_wconf 82' lang='lat' dir='ltr'><strong>disciplinari</strong></span> 
     </span>
     <span class='ocr_line' id='line_1_14' title="bbox 186 1506 1121 1590; baseline 0 -20"><span class='ocrx_word' id='word_1_85' title='bbox 186 1509 292 1588; x_wconf 85' lang='lat' dir='ltr'><strong>quoad</strong></span> <span class='ocrx_word' id='word_1_86' title='bbox 302 1509 421 1585; x_wconf 85' lang='lat' dir='ltr'><strong>fideles,</strong></span> <span class='ocrx_word' id='word_1_87' title='bbox 429 1507 527 1570; x_wconf 89' lang='lat' dir='ltr'><strong>libere</strong></span> <span class='ocrx_word' id='word_1_88' title='bbox 539 1506 656 1586; x_wconf 84' lang='lat' dir='ltr'><strong>poterit</strong></span> <span class='ocrx_word' id='word_1_89' title='bbox 669 1511 701 1570; x_wconf 90' lang='lat' dir='ltr'><strong>et</strong></span> <span class='ocrx_word' id='word_1_90' title='bbox 714 1507 963 1589; x_wconf 77' lang='lat' dir='ltr'><strong>independenter</strong></span> <span class='ocrx_word' id='word_1_91' title='bbox 975 1507 1121 1590; x_wconf 85' lang='lat' dir='ltr'><strong>princeps</strong></span> 
     </span>
     <span class='ocr_line' id='line_1_15' title="bbox 185 1600 1120 1681; baseline 0 -19"><span class='ocrx_word' id='word_1_92' title='bbox 185 1601 321 1681; x_wconf 86' lang='lat' dir='ltr'><strong>dirigere</strong></span> <span class='ocrx_word' id='word_1_93' title='bbox 340 1600 484 1662; x_wconf 89' lang='lat' dir='ltr'><strong>homines</strong></span> <span class='ocrx_word' id='word_1_94' title='bbox 497 1600 530 1661; x_wconf 91' lang='lat' dir='ltr'><strong>in</strong></span> <span class='ocrx_word' id='word_1_95' title='bbox 542 1600 639 1662; x_wconf 88' lang='lat' dir='ltr'><strong>finem</strong></span> <span class='ocrx_word' id='word_1_96' title='bbox 653 1601 828 1664; x_wconf 85' lang='lat' dir='ltr'><strong>communis</strong></span> <span class='ocrx_word' id='word_1_97' title='bbox 842 1601 987 1666; x_wconf 84' lang='lat' dir='ltr'><strong>utilitatis</strong></span> <span class='ocrx_word' id='word_1_98' title='bbox 1000 1607 1120 1681; x_wconf 88' lang='lat' dir='ltr'><strong>tempo·</strong></span> 
     </span>
     <span class='ocr_line' id='line_1_16' title="bbox 184 1693 465 1774; baseline 0.007 -19"><span class='ocrx_word' id='word_1_99' title='bbox 184 1694 259 1756; x_wconf 85' lang='lat' dir='ltr'><strong>ralis</strong></span> <span class='ocrx_word' id='word_1_100' title='bbox 270 1693 465 1774; x_wconf 83' lang='lat' dir='ltr'><strong>reipublicae.</strong></span> 
     </span>
    </p>
   </div>
   <div class='ocr_carea' id='block_1_6' title="bbox 530 1829 786 1872">
    <p class='ocr_par' dir='ltr' id='par_1_7' title="bbox 530 1829 786 1872">
     <span class='ocr_line' id='line_1_17' title="bbox 530 1829 786 1872; baseline 0 -3"><span class='ocrx_word' id='word_1_101' title='bbox 530 1829 559 1872; x_wconf 88' lang='lat' dir='ltr'><strong>ll.</strong></span> <span class='ocrx_word' id='word_1_102' title='bbox 573 1837 604 1868; x_wconf 79' lang='lat' dir='ltr'><strong>ns</strong></span> <span class='ocrx_word' id='word_1_103' title='bbox 619 1837 786 1870; x_wconf 69' lang='lat' dir='ltr'><strong>mauman.</strong></span> 
     </span>
    </p>
   </div>
   <div class='ocr_carea' id='block_1_7' title="bbox 223 1945 1233 2030">
    <p class='ocr_par' dir='ltr' id='par_1_8' title="bbox 223 1945 1233 2030">
     <span class='ocr_line' id='line_1_18' title="bbox 223 1945 1233 2030; baseline -0.007 -22"><span class='ocrx_word' id='word_1_104' title='bbox 223 1949 274 2009; x_wconf 87' lang='lat' dir='ltr'><strong>lX.</strong></span> <span class='ocrx_word' id='word_1_105' title='bbox 289 1946 333 2008; x_wconf 83' lang='lat' dir='ltr'><strong>De</strong></span> <span class='ocrx_word' id='word_1_106' title='bbox 343 1945 433 2008; x_wconf 81' lang='lat' dir='ltr'><strong>variis</strong></span> <span class='ocrx_word' id='word_1_107' title='bbox 441 1945 586 2028; x_wconf 79' lang='lat' dir='ltr'><strong>speciebus</strong></span> <span class='ocrx_word' id='word_1_108' title='bbox 596 1945 799 2030; x_wconf 62' lang='lat' dir='ltr'><strong>immunitate.</strong></span> <span class='ocrx_word' id='word_1_109' title='bbox 808 1945 951 2008; x_wconf 86' lang='lat' dir='ltr'><strong>Alterum</strong></span> <span class='ocrx_word' id='word_1_110' title='bbox 960 1945 1120 2026; x_wconf 85' lang='lat' dir='ltr'><strong>objectum</strong></span> <span class='ocrx_word' id='word_1_111' title='bbox 1226 1987 1233 2001; x_wconf 84' lang='grc'><strong><em>,</em></strong></span> 
     </span>
    </p>
   </div>
   <div class='ocr_carea' id='block_1_8' title="bbox 151 2034 1119 2492">
    <p class='ocr_par' dir='ltr' id='par_1_9' title="bbox 151 2034 1119 2306">
     <span class='ocr_line' id='line_1_19' title="bbox 151 2034 1119 2103; baseline -0.003 -1"><span class='ocrx_word' id='word_1_112' title='bbox 151 2034 153 2038; x_wconf 69' lang='grc'><strong>’</strong></span> <span class='ocrx_word' id='word_1_113' title='bbox 184 2040 404 2103; x_wconf 81' lang='lat' dir='ltr'><strong>controversiae</strong></span> <span class='ocrx_word' id='word_1_114' title='bbox 417 2039 500 2101; x_wconf 91' lang='lat' dir='ltr'><strong>inter</strong></span> <span class='ocrx_word' id='word_1_115' title='bbox 509 2039 633 2100; x_wconf 80' lang='lat' dir='ltr'><strong>civilem</strong></span> <span class='ocrx_word' id='word_1_116' title='bbox 645 2044 676 2100; x_wconf 85' lang='lat' dir='ltr'><strong>et</strong></span> <span class='ocrx_word' id='word_1_117' title='bbox 689 2037 934 2102; x_wconf 87' lang='lat' dir='ltr'><strong>ecclesiasticam</strong></span> <span class='ocrx_word' id='word_1_118' title='bbox 947 2037 1119 2100; x_wconf 85' lang='lat' dir='ltr'><strong>auctorita-</strong></span> 
     </span>
     <span class='ocr_line' id='line_1_20' title="bbox 183 2129 1116 2213; baseline -0.002 -18"><span class='ocrx_word' id='word_1_119' title='bbox 183 2137 248 2196; x_wconf 89' lang='lat' dir='ltr'><strong>tem</strong></span> <span class='ocrx_word' id='word_1_120' title='bbox 263 2138 310 2194; x_wconf 90' lang='lat' dir='ltr'><strong>est</strong></span> <span class='ocrx_word' id='word_1_121' title='bbox 330 2132 523 2209; x_wconf 81' lang='lat' dir='ltr'><strong>immeritae,</strong></span> <span class='ocrx_word' id='word_1_122' title='bbox 538 2149 608 2213; x_wconf 86' lang='lat' dir='ltr'><strong>quae</strong></span> <span class='ocrx_word' id='word_1_123' title='bbox 622 2131 736 2211; x_wconf 84' lang='lat' dir='ltr'><strong>triplex</strong></span> <span class='ocrx_word' id='word_1_124' title='bbox 746 2130 959 2210; x_wconf 79' lang='lat' dir='ltr'><strong>distinguitur,</strong></span> <span class='ocrx_word' id='word_1_125' title='bbox 970 2129 1092 2193; x_wconf 88' lang='lat' dir='ltr'><strong>scilicet</strong></span> <span class='ocrx_word' id='word_1_126' title='bbox 1109 2150 1116 2193; x_wconf 90' lang='lat'>:</span> 
     </span>
     <span class='ocr_line' id='line_1_21' title="bbox 182 2224 615 2306; baseline -0.002 -19"><span class='ocrx_word' id='word_1_127' title='bbox 182 2224 370 2306; x_wconf 84' lang='lat' dir='ltr'><strong>personalis,</strong></span> <span class='ocrx_word' id='word_1_128' title='bbox 379 2225 482 2303; x_wconf 91' lang='lat' dir='ltr'><strong>realis,</strong></span> <span class='ocrx_word' id='word_1_129' title='bbox 496 2225 615 2287; x_wconf 80' lang='lat' dir='ltr'><strong>localia.</strong></span> 
     </span>
    </p>

    <p class='ocr_par' dir='ltr' id='par_1_10' title="bbox 182 2315 1119 2492">
     <span class='ocr_line' id='line_1_22' title="bbox 223 2315 1119 2400; baseline -0.006 -20"><span class='ocrx_word' id='word_1_130' title='bbox 223 2318 408 2380; x_wconf 84' lang='lat' dir='ltr'><strong>Immunitas</strong></span> <span class='ocrx_word' id='word_1_131' title='bbox 414 2317 578 2400; x_wconf 68' lang='lat' dir='ltr'><strong>personales</strong></span> <span class='ocrx_word' id='word_1_132' title='bbox 590 2315 652 2378; x_wconf 88' lang='lat' dir='ltr'><strong>dici</strong></span> <span class='ocrx_word' id='word_1_133' title='bbox 663 2319 766 2396; x_wconf 88' lang='lat' dir='ltr'><strong>potest</strong></span> <span class='ocrx_word' id='word_1_134' title='bbox 776 2315 931 2396; x_wconf 85' lang='lat' dir='ltr'><strong>exemptio</strong></span> <span class='ocrx_word' id='word_1_135' title='bbox 948 2333 1018 2396; x_wconf 87' lang='lat' dir='ltr'><strong>quae</strong></span> <span class='ocrx_word' id='word_1_136' title='bbox 1032 2333 1119 2377; x_wconf 93' lang='lat' dir='ltr'><strong>com-</strong></span> 
     </span>
     <span class='ocr_line' id='line_1_23' title="bbox 182 2407 1119 2492; baseline -0.004 -20"><span class='ocrx_word' id='word_1_137' title='bbox 182 2411 261 2492; x_wconf 89' lang='lat' dir='ltr'><strong>petit</strong></span> <span class='ocrx_word' id='word_1_138' title='bbox 274 2410 415 2489; x_wconf 84' lang='lat' dir='ltr'><strong>personis</strong></span> <span class='ocrx_word' id='word_1_139' title='bbox 437 2409 654 2473; x_wconf 83' lang='lat' dir='ltr'><strong>ecclesiasticis</strong></span> <span class='ocrx_word' id='word_1_140' title='bbox 669 2408 784 2470; x_wconf 85' lang='lat' dir='ltr'><strong>acivili</strong></span> <span class='ocrx_word' id='word_1_141' title='bbox 796 2407 1026 2490; x_wconf 85' lang='lat' dir='ltr'><strong>jurisdictione.</strong></span> <span class='ocrx_word' id='word_1_142' title='bbox 1044 2410 1119 2469; x_wconf 71' lang='lat' dir='ltr'><strong>Haeo</strong></span> 
     </span>
    </p>
   </div>
   <div class='ocr_carea' id='block_1_9' title="bbox 183 2500 1244 2584">
    <p class='ocr_par' dir='ltr' id='par_1_11' title="bbox 183 2500 1244 2584">
     <span class='ocr_line' id='line_1_24' title="bbox 183 2500 1244 2584; baseline -0.004 -19"><span class='ocrx_word' id='word_1_143' title='bbox 183 2509 289 2568; x_wconf 88' lang='lat' dir='ltr'><strong>autem</strong></span> <span class='ocrx_word' id='word_1_144' title='bbox 304 2503 458 2584; x_wconf 85' lang='lat' dir='ltr'><strong>exemptio</strong></span> <span class='ocrx_word' id='word_1_145' title='bbox 469 2503 686 2566; x_wconf 88' lang='lat' dir='ltr'><strong>consideratur</strong></span> <span class='ocrx_word' id='word_1_146' title='bbox 698 2501 732 2563; x_wconf 91' lang='lat' dir='ltr'><strong>in</strong></span> <span class='ocrx_word' id='word_1_147' title='bbox 744 2501 855 2564; x_wconf 89' lang='lat' dir='ltr'><strong>ordine</strong></span> <span class='ocrx_word' id='word_1_148' title='bbox 870 2502 911 2564; x_wconf 89' lang='lat' dir='ltr'><strong>ad</strong></span> <span class='ocrx_word' id='word_1_149' title='bbox 921 2501 983 2564; x_wconf 84' lang='lat' dir='ltr'><strong>trie</strong></span> <span class='ocrx_word' id='word_1_150' title='bbox 1000 2500 1115 2582; x_wconf 85' lang='lat' dir='ltr'><strong>capita,</strong></span> <span class='ocrx_word' id='word_1_151' title='bbox 1232 2553 1244 2576; x_wconf 81' lang='grc'><strong>,</strong></span> 
     </span>
    </p>
   </div>
   <div class='ocr_carea' id='block_1_10' title="bbox 181 2598 1122 3528">
    <p class='ocr_par' dir='ltr' id='par_1_12' title="bbox 183 2598 354 2659">
     <span class='ocr_line' id='line_1_25' title="bbox 183 2598 354 2659; baseline -0.006 0"><span class='ocrx_word' id='word_1_152' title='bbox 183 2598 330 2659; x_wconf 87' lang='lat' dir='ltr'><strong>videlicet</strong></span> <span class='ocrx_word' id='word_1_153' title='bbox 347 2617 354 2658; x_wconf 92' lang='lat'>:</span> 
     </span>
    </p>

    <p class='ocr_par' dir='ltr' id='par_1_13' title="bbox 181 2700 1118 3056">
     <span class='ocr_line' id='line_1_26' title="bbox 223 2700 1117 2783; baseline -0.004 -17"><span class='ocrx_word' id='word_1_154' title='bbox 223 2707 253 2766; x_wconf 89' lang='lat' dir='ltr'><strong>l⁰</strong></span> <span class='ocrx_word' id='word_1_155' title='bbox 276 2703 385 2776; x_wconf 81' lang='lat' dir='ltr'><strong>Quoad</strong></span> <span class='ocrx_word' id='word_1_156' title='bbox 392 2702 496 2783; x_wconf 42' lang='lat' dir='ltr'><strong>‘sorum</strong></span> <span class='ocrx_word' id='word_1_157' title='bbox 510 2719 580 2782; x_wconf 83' lang='lat' dir='ltr'><strong>quae</strong></span> <span class='ocrx_word' id='word_1_158' title='bbox 594 2701 627 2763; x_wconf 92' lang='lat' dir='ltr'><strong>in</strong></span> <span class='ocrx_word' id='word_1_159' title='bbox 640 2719 677 2764; x_wconf 90' lang='lat' dir='ltr'><strong>eo</strong></span> <span class='ocrx_word' id='word_1_160' title='bbox 692 2701 795 2782; x_wconf 83' lang='lat' dir='ltr'><strong>posita</strong></span> <span class='ocrx_word' id='word_1_161' title='bbox 809 2704 866 2778; x_wconf 90' lang='lat' dir='ltr'><strong>est,</strong></span> <span class='ocrx_word' id='word_1_162' title='bbox 883 2702 919 2764; x_wconf 88' lang='lat' dir='ltr'><strong>ut</strong></span> <span class='ocrx_word' id='word_1_163' title='bbox 933 2700 1037 2770; x_wconf 84' lang='lat' dir='ltr'><strong>clerici</strong></span> <span class='ocrx_word' id='word_1_164' title='bbox 1053 2719 1117 2762; x_wconf 90' lang='lat' dir='ltr'><strong>non</strong></span> 
     </span>
     <span class='ocr_line' id='line_1_27' title="bbox 181 2792 1118 2877; baseline -0.006 -18"><span class='ocrx_word' id='word_1_165' title='bbox 181 2795 314 2877; x_wconf 86' lang='lat' dir='ltr'><strong>possint,</strong></span> <span class='ocrx_word' id='word_1_166' title='bbox 331 2796 412 2857; x_wconf 88' lang='lat' dir='ltr'><strong>sicut</strong></span> <span class='ocrx_word' id='word_1_167' title='bbox 423 2795 529 2857; x_wconf 83' lang='lat' dir='ltr'><strong>oaeteri</strong></span> <span class='ocrx_word' id='word_1_168' title='bbox 544 2794 638 2871; x_wconf 85' lang='lat' dir='ltr'><strong>cives,</strong></span> <span class='ocrx_word' id='word_1_169' title='bbox 654 2793 803 2855; x_wconf 87' lang='lat' dir='ltr'><strong>incensis</strong></span> <span class='ocrx_word' id='word_1_170' title='bbox 823 2793 874 2854; x_wconf 85' lang='lat' dir='ltr'><strong>vel</strong></span> <span class='ocrx_word' id='word_1_171' title='bbox 889 2792 1050 2868; x_wconf 83' lang='lat' dir='ltr'><strong>civilibus,</strong></span> <span class='ocrx_word' id='word_1_172' title='bbox 1067 2793 1118 2855; x_wconf 88' lang='lat' dir='ltr'><strong>vel</strong></span> 
     </span>
     <span class='ocr_line' id='line_1_28' title="bbox 183 2884 1118 2969; baseline -0.003 -18"><span class='ocrx_word' id='word_1_173' title='bbox 183 2888 396 2952; x_wconf 82' lang='lat' dir='ltr'><strong>criminalibus</strong></span> <span class='ocrx_word' id='word_1_174' title='bbox 418 2887 503 2969; x_wconf 87' lang='lat' dir='ltr'><strong>apud</strong></span> <span class='ocrx_word' id='word_1_175' title='bbox 526 2885 745 2966; x_wconf 79' lang='lat' dir='ltr'><strong>magistratum</strong></span> <span class='ocrx_word' id='word_1_176' title='bbox 766 2885 817 2968; x_wconf 84' lang='lat' dir='ltr'><strong>vel</strong></span> <span class='ocrx_word' id='word_1_177' title='bbox 832 2885 973 2966; x_wconf 87' lang='lat' dir='ltr'><strong>judicem</strong></span> <span class='ocrx_word' id='word_1_178' title='bbox 994 2884 1118 2948; x_wconf 81' lang='lat' dir='ltr'><strong>civilem</strong></span> 
     </span>
     <span class='ocr_line' id='line_1_29' title="bbox 184 2983 362 3056; baseline -0.017 -11"><span class='ocrx_word' id='word_1_179' title='bbox 184 2983 343 3045; x_wconf 87' lang='lat' dir='ltr'><strong>conveniri</strong></span> <span class='ocrx_word' id='word_1_180' title='bbox 355 3003 362 3056; x_wconf 91' lang='grc'>;</span> 
     </span>
    </p>

    <p class='ocr_par' dir='ltr' id='par_1_14' title="bbox 181 3069 1122 3528">
     <span class='ocr_line' id='line_1_30' title="bbox 221 3069 1118 3154; baseline -0.007 -18"><span class='ocrx_word' id='word_1_181' title='bbox 221 3079 252 3136; x_wconf 77' lang='lat'><strong>2⁰</strong></span> <span class='ocrx_word' id='word_1_182' title='bbox 275 3075 384 3149; x_wconf 82' lang='lat' dir='ltr'><strong>Quoad</strong></span> <span class='ocrx_word' id='word_1_183' title='bbox 399 3073 525 3154; x_wconf 85' lang='lat' dir='ltr'><strong>publice</strong></span> <span class='ocrx_word' id='word_1_184' title='bbox 535 3079 566 3134; x_wconf 85' lang='lat' dir='ltr'><strong>et</strong></span> <span class='ocrx_word' id='word_1_185' title='bbox 580 3072 679 3134; x_wconf 83' lang='lat' dir='ltr'><strong>civilio</strong></span> <span class='ocrx_word' id='word_1_186' title='bbox 691 3071 795 3154; x_wconf 73' lang='lat' dir='ltr'><strong>officia</strong></span> <span class='ocrx_word' id='word_1_187' title='bbox 809 3089 878 3152; x_wconf 88' lang='lat' dir='ltr'><strong>quae</strong></span> <span class='ocrx_word' id='word_1_188' title='bbox 897 3069 1043 3149; x_wconf 84' lang='lat' dir='ltr'><strong>componi</strong></span> <span class='ocrx_word' id='word_1_189' title='bbox 1062 3087 1118 3131; x_wconf 89' lang='lat' dir='ltr'><strong>ne-</strong></span> 
     </span>
     <span class='ocr_line' id='line_1_31' title="bbox 183 3163 1122 3250; baseline -0.002 -20"><span class='ocrx_word' id='word_1_190' title='bbox 183 3172 302 3250; x_wconf 84' lang='lat' dir='ltr'><strong>queunt</strong></span> <span class='ocrx_word' id='word_1_191' title='bbox 314 3187 386 3230; x_wconf 91' lang='lat' dir='ltr'><strong>cum</strong></span> <span class='ocrx_word' id='word_1_192' title='bbox 401 3168 552 3249; x_wconf 80' lang='lat' dir='ltr'><strong>dignitate</strong></span> <span class='ocrx_word' id='word_1_193' title='bbox 568 3172 599 3227; x_wconf 87' lang='lat' dir='ltr'><strong>et</strong></span> <span class='ocrx_word' id='word_1_194' title='bbox 614 3165 722 3227; x_wconf 88' lang='lat' dir='ltr'><strong>officiis</strong></span> <span class='ocrx_word' id='word_1_195' title='bbox 738 3168 836 3227; x_wconf 90' lang='lat' dir='ltr'><strong>status</strong></span> <span class='ocrx_word' id='word_1_196' title='bbox 856 3163 1007 3226; x_wconf 84' lang='lat' dir='ltr'><strong>clericalis</strong></span> <span class='ocrx_word' id='word_1_197' title='bbox 1020 3183 1028 3238; x_wconf 91' lang='lat'>;</span> <span class='ocrx_word' id='word_1_198' title='bbox 1046 3180 1122 3242; x_wconf 70' lang='lat' dir='ltr'><strong>quae,</strong></span> 
     </span>
     <span class='ocr_line' id='line_1_32' title="bbox 182 3255 1117 3342; baseline -0.011 -16"><span class='ocrx_word' id='word_1_199' title='bbox 182 3262 339 3342; x_wconf 86' lang='lat' dir='ltr'><strong>exemptio</strong></span> <span class='ocrx_word' id='word_1_200' title='bbox 352 3262 385 3322; x_wconf 91' lang='lat' dir='ltr'><strong>in</strong></span> <span class='ocrx_word' id='word_1_201' title='bbox 397 3279 435 3326; x_wconf 87' lang='lat' dir='ltr'><strong>eo</strong></span> <span class='ocrx_word' id='word_1_202' title='bbox 449 3260 551 3342; x_wconf 86' lang='lat' dir='ltr'><strong>posita</strong></span> <span class='ocrx_word' id='word_1_203' title='bbox 566 3262 613 3322; x_wconf 90' lang='lat' dir='ltr'><strong>est</strong></span> <span class='ocrx_word' id='word_1_204' title='bbox 629 3261 664 3321; x_wconf 92' lang='lat' dir='ltr'><strong>ut</strong></span> <span class='ocrx_word' id='word_1_205' title='bbox 678 3255 782 3319; x_wconf 90' lang='lat' dir='ltr'><strong>clerici</strong></span> <span class='ocrx_word' id='word_1_206' title='bbox 797 3255 860 3318; x_wconf 89' lang='lat' dir='ltr'><strong>sint</strong></span> <span class='ocrx_word' id='word_1_207' title='bbox 875 3255 1010 3335; x_wconf 88' lang='lat' dir='ltr'><strong>exempti</strong></span> <span class='ocrx_word' id='word_1_208' title='bbox 1025 3273 1043 3315; x_wconf 91' lang='lat' dir='ltr'><strong>a</strong></span> <span class='ocrx_word' id='word_1_209' title='bbox 1058 3275 1117 3336; x_wconf 91' lang='lat' dir='ltr'><strong>pu-</strong></span> 
     </span>
     <span class='ocr_line' id='line_1_33' title="bbox 181 3349 1116 3432; baseline -0.006 -16"><span class='ocrx_word' id='word_1_210' title='bbox 181 3354 271 3417; x_wconf 88' lang='lat' dir='ltr'><strong>blicis</strong></span> <span class='ocrx_word' id='word_1_211' title='bbox 285 3354 480 3432; x_wconf 86' lang='lat' dir='ltr'><strong>muneribus,</strong></span> <span class='ocrx_word' id='word_1_212' title='bbox 491 3372 555 3417; x_wconf 90' lang='lat' dir='ltr'><strong>non</strong></span> <span class='ocrx_word' id='word_1_213' title='bbox 571 3357 695 3415; x_wconf 83' lang='lat' dir='ltr'><strong>tentum</strong></span> <span class='ocrx_word' id='word_1_214' title='bbox 709 3349 855 3426; x_wconf 87' lang='lat' dir='ltr'><strong>sordidis,</strong></span> <span class='ocrx_word' id='word_1_215' title='bbox 872 3349 917 3411; x_wconf 91' lang='lat' dir='ltr'><strong>uti</strong></span> <span class='ocrx_word' id='word_1_216' title='bbox 937 3349 1051 3423; x_wconf 81' lang='lat' dir='ltr'><strong>cloacae</strong></span> <span class='ocrx_word' id='word_1_217' title='bbox 1065 3367 1116 3412; x_wconf 87' lang='lat' dir='ltr'><strong>ex·</strong></span> 
     </span>
     <span class='ocr_line' id='line_1_34' title="bbox 183 3437 1112 3528; baseline -0.008 -18"><span class='ocrx_word' id='word_1_218' title='bbox 183 3448 341 3528; x_wconf 78' lang='lat' dir='ltr'><strong>purgatio,</strong></span> <span class='ocrx_word' id='word_1_219' title='bbox 349 3447 438 3528; x_wconf 87' lang='lat' dir='ltr'><strong>panis</strong></span> <span class='ocrx_word' id='word_1_220' title='bbox 447 3445 726 3525; x_wconf 81' lang='lat' dir='ltr'><strong>excoctio,vierum</strong></span> <span class='ocrx_word' id='word_1_221' title='bbox 738 3437 1112 3528; x_wconf 59' lang='lat' dir='ltr'><strong>etpontium&#39;sollioitudo,</strong></span> 
     </span>
    </p>
   </div>
   <div class='ocr_carea' id='block_1_11' title="bbox 0 0 1298 4020">
    <p class='ocr_par' dir='ltr' id='par_1_15' title="bbox 0 0 1298 4020">
     <span class='ocr_line' id='line_1_35' title="bbox 0 0 1298 4020; baseline 0 2"><span class='ocrx_word' id='word_1_222' title='bbox 0 0 1298 4020; x_wconf 95' lang='lat' dir='ltr'><strong> </strong></span> 
     </span>
    </p>
   </div>
  </div>
 </body>
</html>
