<?xml version="1.0" encoding="UTF-8"?>
<!DOCTYPE html PUBLIC "-//W3C//DTD XHTML 1.0 Transitional//EN"
    "http://www.w3.org/TR/xhtml1/DTD/xhtml1-transitional.dtd">
<html xmlns="http://www.w3.org/1999/xhtml" xml:lang="en" lang="en">
 <head>
  <title>
</title>
<meta http-equiv="Content-Type" content="text/html;charset=utf-8" />
  <meta name='ocr-system' content='tesseract 3.04.00' />
  <meta name='ocr-capabilities' content='ocr_page ocr_carea ocr_par ocr_line ocrx_word'/>
</head>
<body>
  <div class='ocr_page' id='page_1' title='image "./institutionesju01marigoog_0141.png"; bbox 0 0 2586 4020; ppageno 0'>
   <div class='ocr_carea' id='block_1_1' title="bbox 168 227 886 291">
    <p class='ocr_par' dir='ltr' id='par_1_1' title="bbox 168 227 886 291">
     <span class='ocr_line' id='line_1_1' title="bbox 168 227 886 291; baseline -0.008 0"><span class='ocrx_word' id='word_1_1' title='bbox 168 227 226 291; x_wconf 74' lang='lat' dir='ltr'><strong>tat</strong></span> <span class='ocrx_word' id='word_1_2' title='bbox 377 237 608 288; x_wconf 74' lang='lat' dir='ltr'><strong>mauraneum</strong></span> <span class='ocrx_word' id='word_1_3' title='bbox 627 239 711 290; x_wconf 78' lang='lat' dir='ltr'><strong>sunu</strong></span> <span class='ocrx_word' id='word_1_4' title='bbox 732 239 886 286; x_wconf 77' lang='lat' dir='ltr'><strong>unuourm.</strong></span> 
     </span>
    </p>
   </div>
   <div class='ocr_carea' id='block_1_2' title="bbox 94 383 1148 3528">
    <p class='ocr_par' dir='ltr' id='par_1_2' title="bbox 167 383 1097 929">
     <span class='ocr_line' id='line_1_2' title="bbox 167 383 1095 464; baseline -0.002 -18"><span class='ocrx_word' id='word_1_5' title='bbox 167 385 280 464; x_wconf 81' lang='lat' dir='ltr'><strong>potest,</strong></span> <span class='ocrx_word' id='word_1_6' title='bbox 295 383 380 464; x_wconf 80' lang='lat' dir='ltr'><strong>quod</strong></span> <span class='ocrx_word' id='word_1_7' title='bbox 394 401 433 452; x_wconf 84' lang='lat' dir='ltr'><strong>ex</strong></span> <span class='ocrx_word' id='word_1_8' title='bbox 446 383 601 446; x_wconf 87' lang='lat' dir='ltr'><strong>sententia</strong></span> <span class='ocrx_word' id='word_1_9' title='bbox 612 402 668 462; x_wconf 93' lang='lat' dir='ltr'><strong>pro</strong></span> <span class='ocrx_word' id='word_1_10' title='bbox 684 384 867 447; x_wconf 81' lang='lat' dir='ltr'><strong>autoretate</strong></span> <span class='ocrx_word' id='word_1_11' title='bbox 887 385 1046 463; x_wconf 85' lang='lat' dir='ltr'><strong>competet</strong></span> <span class='ocrx_word' id='word_1_12' title='bbox 1067 383 1095 444; x_wconf 92' lang='lat' dir='ltr'><strong>ei</strong></span> 
     </span>
     <span class='ocr_line' id='line_1_3' title="bbox 167 475 1096 557; baseline 0 -19"><span class='ocrx_word' id='word_1_13' title='bbox 167 475 293 538; x_wconf 85' lang='lat' dir='ltr'><strong>actioin</strong></span> <span class='ocrx_word' id='word_1_14' title='bbox 315 476 449 554; x_wconf 84' lang='lat' dir='ltr'><strong>tactum,</strong></span> <span class='ocrx_word' id='word_1_15' title='bbox 472 477 512 537; x_wconf 88' lang='lat' dir='ltr'><strong>ad</strong></span> <span class='ocrx_word' id='word_1_16' title='bbox 524 477 738 556; x_wconf 76' lang='lat' dir='ltr'><strong>prestandum</strong></span> <span class='ocrx_word' id='word_1_17' title='bbox 753 477 784 537; x_wconf 94' lang='lat' dir='ltr'><strong>id</strong></span> <span class='ocrx_word' id='word_1_18' title='bbox 805 477 837 537; x_wconf 94' lang='lat' dir='ltr'><strong>in</strong></span> <span class='ocrx_word' id='word_1_19' title='bbox 853 495 914 557; x_wconf 87' lang='lat' dir='ltr'><strong>quo</strong></span> <span class='ocrx_word' id='word_1_20' title='bbox 935 494 1008 538; x_wconf 85' lang='lat' dir='ltr'><strong>reue</strong></span> <span class='ocrx_word' id='word_1_21' title='bbox 1023 494 1096 538; x_wconf 91' lang='lat' dir='ltr'><strong>con-</strong></span> 
     </span>
     <span class='ocr_line' id='line_1_4' title="bbox 168 569 1097 648; baseline 0.002 -17"><span class='ocrx_word' id='word_1_22' title='bbox 168 570 334 632; x_wconf 86' lang='lat' dir='ltr'><strong>demnatus</strong></span> <span class='ocrx_word' id='word_1_23' title='bbox 344 573 407 630; x_wconf 85' lang='lat' dir='ltr'><strong>est:</strong></span> <span class='ocrx_word' id='word_1_24' title='bbox 420 588 490 648; x_wconf 83' lang='lat' dir='ltr'><strong>quae</strong></span> <span class='ocrx_word' id='word_1_25' title='bbox 499 569 580 631; x_wconf 85' lang='lat' dir='ltr'><strong>actio</strong></span> <span class='ocrx_word' id='word_1_26' title='bbox 591 569 681 630; x_wconf 90' lang='lat' dir='ltr'><strong>sicuti</strong></span> <span class='ocrx_word' id='word_1_27' title='bbox 691 569 972 632; x_wconf 82' lang='lat' dir='ltr'><strong>haeredibusetiam</strong></span> <span class='ocrx_word' id='word_1_28' title='bbox 982 570 1097 632; x_wconf 83' lang='lat' dir='ltr'><strong>actoris</strong></span> 
     </span>
     <span class='ocr_line' id='line_1_5' title="bbox 168 662 1097 740; baseline -0.003 -15"><span class='ocrx_word' id='word_1_29' title='bbox 168 663 271 740; x_wconf 80' lang='lat' dir='ltr'><strong>datur,</strong></span> <span class='ocrx_word' id='word_1_30' title='bbox 284 663 329 726; x_wconf 87' lang='lat' dir='ltr'><strong>ita</strong></span> <span class='ocrx_word' id='word_1_31' title='bbox 343 662 437 726; x_wconf 85' lang='lat' dir='ltr'><strong>etiam</strong></span> <span class='ocrx_word' id='word_1_32' title='bbox 452 665 562 724; x_wconf 85' lang='lat' dir='ltr'><strong>contra</strong></span> <span class='ocrx_word' id='word_1_33' title='bbox 572 662 714 725; x_wconf 85' lang='lat' dir='ltr'><strong>haeredes</strong></span> <span class='ocrx_word' id='word_1_34' title='bbox 728 663 774 722; x_wconf 90' lang='lat' dir='ltr'><strong>rei</strong></span> <span class='ocrx_word' id='word_1_35' title='bbox 785 663 888 724; x_wconf 85' lang='lat' dir='ltr'><strong>datur.</strong></span> <span class='ocrx_word' id='word_1_36' title='bbox 904 665 968 723; x_wconf 89' lang='lat' dir='ltr'><strong>Reo</strong></span> <span class='ocrx_word' id='word_1_37' title='bbox 991 667 1097 724; x_wconf 90' lang='lat' dir='ltr'><strong>autem</strong></span> 
     </span>
     <span class='ocr_line' id='line_1_6' title="bbox 168 755 1097 836; baseline -0.002 -18"><span class='ocrx_word' id='word_1_38' title='bbox 168 755 310 818; x_wconf 87' lang='lat' dir='ltr'><strong>absoluto</strong></span> <span class='ocrx_word' id='word_1_39' title='bbox 323 773 379 834; x_wconf 90' lang='lat' dir='ltr'><strong>per</strong></span> <span class='ocrx_word' id='word_1_40' title='bbox 399 755 586 818; x_wconf 84' lang='lat' dir='ltr'><strong>sententiam</strong></span> <span class='ocrx_word' id='word_1_41' title='bbox 607 755 701 816; x_wconf 84' lang='lat' dir='ltr'><strong>datur</strong></span> <span class='ocrx_word' id='word_1_42' title='bbox 724 755 865 836; x_wconf 79' lang='lat' dir='ltr'>exceptio</span> <span class='ocrx_word' id='word_1_43' title='bbox 881 756 926 817; x_wconf 88' lang='lat' dir='ltr'><strong>rei</strong></span> <span class='ocrx_word' id='word_1_44' title='bbox 947 755 1097 836; x_wconf 83' lang='lat' dir='ltr'><strong>judicatae</strong></span> 
     </span>
     <span class='ocr_line' id='line_1_7' title="bbox 168 847 772 929; baseline -0.005 -16"><span class='ocrx_word' id='word_1_45' title='bbox 168 855 277 913; x_wconf 85' lang='lat' dir='ltr'><strong>contra</strong></span> <span class='ocrx_word' id='word_1_46' title='bbox 290 852 439 926; x_wconf 88' lang='lat' dir='ltr'><strong>actorem,</strong></span> <span class='ocrx_word' id='word_1_47' title='bbox 458 848 587 929; x_wconf 84' lang='lat' dir='ltr'><strong>ejusque</strong></span> <span class='ocrx_word' id='word_1_48' title='bbox 601 847 772 910; x_wconf 85' lang='lat' dir='ltr'><strong>haeredem.</strong></span> 
     </span>
    </p>

    <p class='ocr_par' dir='ltr' id='par_1_3' title="bbox 165 939 1148 1761">
     <span class='ocr_line' id='line_1_8' title="bbox 205 939 1096 1023; baseline 0.002 -20"><span class='ocrx_word' id='word_1_49' title='bbox 205 944 257 1004; x_wconf 87' lang='lat'><em>111.</em></span> <span class='ocrx_word' id='word_1_50' title='bbox 270 941 472 1023; x_wconf 83' lang='lat' dir='ltr'><strong>Perquem,et</strong></span> <span class='ocrx_word' id='word_1_51' title='bbox 481 961 537 1022; x_wconf 85' lang='lat' dir='ltr'><strong>quo</strong></span> <span class='ocrx_word' id='word_1_52' title='bbox 547 939 786 1022; x_wconf 64' lang='lat' dir='ltr'><strong>temperamento,</strong></span> <span class='ocrx_word' id='word_1_53' title='bbox 798 939 942 1004; x_wconf 78' lang='lat' dir='ltr'><strong>arundine</strong></span> <span class='ocrx_word' id='word_1_54' title='bbox 952 943 1096 1005; x_wconf 80' lang='lat' dir='ltr'>executio</span> 
     </span>
     <span class='ocr_line' id='line_1_9' title="bbox 167 1033 1100 1118; baseline 0.002 -22"><span class='ocrx_word' id='word_1_55' title='bbox 167 1035 331 1118; x_wconf 83' lang='lat' dir='ltr'><strong>sententiae</strong></span> <span class='ocrx_word' id='word_1_56' title='bbox 345 1033 491 1096; x_wconf 81' lang='lat' dir='ltr'><strong>facienda</strong></span> <span class='ocrx_word' id='word_1_57' title='bbox 503 1034 563 1096; x_wconf 85' lang='lat' dir='ltr'><strong>sit?</strong></span> <span class='ocrx_word' id='word_1_58' title='bbox 577 1035 725 1098; x_wconf 78' lang='lat' dir='ltr'><strong>Exeeutic</strong></span> <span class='ocrx_word' id='word_1_59' title='bbox 741 1035 903 1097; x_wconf 85' lang='lat' dir='ltr'><strong>sententiae</strong></span> <span class='ocrx_word' id='word_1_60' title='bbox 918 1035 986 1098; x_wconf 88' lang='lat' dir='ltr'><strong>fieri</strong></span> <span class='ocrx_word' id='word_1_61' title='bbox 1005 1036 1100 1098; x_wconf 91' lang='lat' dir='ltr'><strong>debet</strong></span> 
     </span>
     <span class='ocr_line' id='line_1_10' title="bbox 165 1125 1097 1208; baseline 0 -18"><span class='ocrx_word' id='word_1_62' title='bbox 165 1127 205 1190; x_wconf 89' lang='lat' dir='ltr'><strong>ab</strong></span> <span class='ocrx_word' id='word_1_63' title='bbox 220 1144 256 1187; x_wconf 90' lang='lat' dir='ltr'><strong>eo</strong></span> <span class='ocrx_word' id='word_1_64' title='bbox 268 1126 375 1207; x_wconf 84' lang='lat' dir='ltr'><strong>judice</strong></span> <span class='ocrx_word' id='word_1_65' title='bbox 389 1125 442 1206; x_wconf 88' lang='lat' dir='ltr'><strong>qui</strong></span> <span class='ocrx_word' id='word_1_66' title='bbox 458 1145 530 1188; x_wconf 84' lang='lat' dir='ltr'><strong>eam</strong></span> <span class='ocrx_word' id='word_1_67' title='bbox 545 1126 632 1204; x_wconf 90' lang='lat' dir='ltr'><strong>tulit,</strong></span> <span class='ocrx_word' id='word_1_68' title='bbox 658 1126 684 1190; x_wconf 82' lang='lat' dir='ltr'><strong>si</strong></span> <span class='ocrx_word' id='word_1_69' title='bbox 700 1128 828 1208; x_wconf 91' lang='lat' dir='ltr'><strong>quidem</strong></span> <span class='ocrx_word' id='word_1_70' title='bbox 842 1127 883 1190; x_wconf 89' lang='lat' dir='ltr'><strong>sit</strong></span> <span class='ocrx_word' id='word_1_71' title='bbox 901 1128 953 1190; x_wconf 90' lang='lat' dir='ltr'><strong>ille</strong></span> <span class='ocrx_word' id='word_1_72' title='bbox 974 1129 1097 1190; x_wconf 86' lang='lat' dir='ltr'><strong>ordina-</strong></span> 
     </span>
     <span class='ocr_line' id='line_1_11' title="bbox 166 1219 1099 1301; baseline 0.001 -19"><span class='ocrx_word' id='word_1_73' title='bbox 166 1220 244 1298; x_wconf 70' lang='lat' dir='ltr'><strong>riuS,</strong></span> <span class='ocrx_word' id='word_1_74' title='bbox 262 1223 317 1282; x_wconf 88' lang='lat' dir='ltr'><strong>aut</strong></span> <span class='ocrx_word' id='word_1_75' title='bbox 329 1221 424 1299; x_wconf 77' lang='lat' dir='ltr'><strong>Pepae</strong></span> <span class='ocrx_word' id='word_1_76' title='bbox 438 1219 613 1299; x_wconf 85' lang='lat' dir='ltr'><strong>delegatus,</strong></span> <span class='ocrx_word' id='word_1_77' title='bbox 627 1219 671 1281; x_wconf 88' lang='lat' dir='ltr'><strong>ita</strong></span> <span class='ocrx_word' id='word_1_78' title='bbox 685 1225 731 1298; x_wconf 92' lang='lat' dir='ltr'><strong>ut,</strong></span> <span class='ocrx_word' id='word_1_79' title='bbox 748 1219 773 1281; x_wconf 86' lang='lat' dir='ltr'><strong>si</strong></span> <span class='ocrx_word' id='word_1_80' title='bbox 789 1220 974 1299; x_wconf 85' lang='lat' dir='ltr'><strong>interposita</strong></span> <span class='ocrx_word' id='word_1_81' title='bbox 990 1222 1099 1301; x_wconf 90' lang='lat' dir='ltr'><strong>appel-</strong></span> 
     </span>
     <span class='ocr_line' id='line_1_12' title="bbox 167 1311 1098 1393; baseline 0.003 -20"><span class='ocrx_word' id='word_1_82' title='bbox 167 1312 285 1377; x_wconf 90' lang='lat' dir='ltr'><strong>latione</strong></span> <span class='ocrx_word' id='word_1_83' title='bbox 292 1312 391 1392; x_wconf 85' lang='lat' dir='ltr'><strong>judex</strong></span> <span class='ocrx_word' id='word_1_84' title='bbox 400 1312 618 1393; x_wconf 82' lang='lat' dir='ltr'><strong>appellationis</strong></span> <span class='ocrx_word' id='word_1_85' title='bbox 628 1313 714 1391; x_wconf 91' lang='lat' dir='ltr'><strong>prins</strong></span> <span class='ocrx_word' id='word_1_86' title='bbox 723 1311 820 1376; x_wconf 87' lang='lat' dir='ltr'><strong>latam</strong></span> <span class='ocrx_word' id='word_1_87' title='bbox 829 1315 1016 1378; x_wconf 82' lang='lat' dir='ltr'><strong>sententium</strong></span> <span class='ocrx_word' id='word_1_88' title='bbox 1026 1332 1098 1376; x_wconf 91' lang='lat' dir='ltr'><strong>con-</strong></span> 
     </span>
     <span class='ocr_line' id='line_1_13' title="bbox 167 1405 1148 1490; baseline 0.003 -24"><span class='ocrx_word' id='word_1_89' title='bbox 167 1406 289 1484; x_wconf 84' lang='lat' dir='ltr'><strong>firmet,</strong></span> <span class='ocrx_word' id='word_1_90' title='bbox 307 1422 403 1485; x_wconf 88' lang='lat' dir='ltr'><strong>quam</strong></span> <span class='ocrx_word' id='word_1_91' title='bbox 433 1405 505 1468; x_wconf 90' lang='lat' dir='ltr'><strong>tulit</strong></span> <span class='ocrx_word' id='word_1_92' title='bbox 520 1405 619 1486; x_wconf 81' lang='lat' dir='ltr'><strong>judex</strong></span> <span class='ocrx_word' id='word_1_93' title='bbox 634 1423 653 1466; x_wconf 90' lang='lat' dir='ltr'><strong>a</strong></span> <span class='ocrx_word' id='word_1_94' title='bbox 671 1423 733 1488; x_wconf 85' lang='lat' dir='ltr'><strong>quo</strong></span> <span class='ocrx_word' id='word_1_95' title='bbox 760 1406 802 1469; x_wconf 88' lang='lat' dir='ltr'><strong>ad</strong></span> <span class='ocrx_word' id='word_1_96' title='bbox 824 1406 909 1468; x_wconf 90' lang='lat' dir='ltr'><strong>huuc</strong></span> <span class='ocrx_word' id='word_1_97' title='bbox 937 1407 1097 1469; x_wconf 81' lang='lat' dir='ltr'><strong>remittere</strong></span> <span class='ocrx_word' id='word_1_98' title='bbox 1144 1483 1148 1490; x_wconf 31' lang='grc' dir='ltr'>Ι</span> 
     </span>
     <span class='ocr_line' id='line_1_14' title="bbox 170 1497 1099 1578; baseline 0.003 -20"><span class='ocrx_word' id='word_1_99' title='bbox 170 1497 286 1560; x_wconf 85' lang='lat' dir='ltr'><strong>debeat</strong></span> <span class='ocrx_word' id='word_1_100' title='bbox 298 1500 404 1576; x_wconf 86' lang='lat' dir='ltr'><strong>partes</strong></span> <span class='ocrx_word' id='word_1_101' title='bbox 421 1516 478 1576; x_wconf 91' lang='lat' dir='ltr'><strong>pro</strong></span> <span class='ocrx_word' id='word_1_102' title='bbox 495 1497 694 1575; x_wconf 79' lang='lat' dir='ltr'><strong>executione,</strong></span> <span class='ocrx_word' id='word_1_103' title='bbox 710 1500 746 1559; x_wconf 90' lang='lat' dir='ltr'><strong>ut</strong></span> <span class='ocrx_word' id='word_1_104' title='bbox 752 1497 918 1578; x_wconf 83' lang='lat' dir='ltr'><strong>judicium,</strong></span> <span class='ocrx_word' id='word_1_105' title='bbox 936 1499 1099 1564; x_wconf 86' lang='lat' dir='ltr'><strong>ubitatum</strong></span> 
     </span>
     <span class='ocr_line' id='line_1_15' title="bbox 170 1589 1098 1673; baseline 0.005 -23"><span class='ocrx_word' id='word_1_106' title='bbox 170 1592 231 1666; x_wconf 85' lang='lat' dir='ltr'><strong>cet,</strong></span> <span class='ocrx_word' id='word_1_107' title='bbox 249 1589 293 1651; x_wconf 92' lang='lat' dir='ltr'><strong>ibi</strong></span> <span class='ocrx_word' id='word_1_108' title='bbox 305 1589 400 1650; x_wconf 86' lang='lat' dir='ltr'><strong>etiam</strong></span> <span class='ocrx_word' id='word_1_109' title='bbox 414 1589 605 1667; x_wconf 84' lang='lat' dir='ltr'><strong>perficiatur,</strong></span> <span class='ocrx_word' id='word_1_110' title='bbox 618 1589 659 1650; x_wconf 85' lang='lat' dir='ltr'><strong>ad</strong></span> <span class='ocrx_word' id='word_1_111' title='bbox 671 1589 833 1653; x_wconf 87' lang='lat' dir='ltr'><strong>meliorem</strong></span> <span class='ocrx_word' id='word_1_112' title='bbox 849 1593 1049 1673; x_wconf 86' lang='lat' dir='ltr'><strong>reipublicae,</strong></span> <span class='ocrx_word' id='word_1_113' title='bbox 1066 1595 1098 1655; x_wconf 89' lang='lat' dir='ltr'><strong>et</strong></span> 
     </span>
     <span class='ocr_line' id='line_1_16' title="bbox 168 1681 663 1761; baseline -0.008 -15"><span class='ocrx_word' id='word_1_114' title='bbox 168 1682 281 1746; x_wconf 84' lang='lat' dir='ltr'><strong>talium</strong></span> <span class='ocrx_word' id='word_1_115' title='bbox 294 1681 492 1761; x_wconf 82' lang='lat' dir='ltr'><strong>negotiorum</strong></span> <span class='ocrx_word' id='word_1_116' title='bbox 509 1681 663 1744; x_wconf 86' lang='lat' dir='ltr'><strong>ordinem.</strong></span> 
     </span>
    </p>

    <p class='ocr_par' dir='ltr' id='par_1_4' title="bbox 168 1774 1100 2767">
     <span class='ocr_line' id='line_1_17' title="bbox 195 1774 1097 1855; baseline 0.003 -19"><span class='ocrx_word' id='word_1_117' title='bbox 195 1775 247 1852; x_wconf 45' lang='lat' dir='ltr'><strong>,ut</strong></span> <span class='ocrx_word' id='word_1_118' title='bbox 257 1774 400 1855; x_wconf 83' lang='lat' dir='ltr'><strong>quamvis</strong></span> <span class='ocrx_word' id='word_1_119' title='bbox 414 1774 503 1838; x_wconf 89' lang='lat' dir='ltr'><strong>multi</strong></span> <span class='ocrx_word' id='word_1_120' title='bbox 518 1775 672 1852; x_wconf 77' lang='lat' dir='ltr'><strong>dubitent,</strong></span> <span class='ocrx_word' id='word_1_121' title='bbox 682 1779 788 1838; x_wconf 89' lang='lat' dir='ltr'><strong>utrum</strong></span> <span class='ocrx_word' id='word_1_122' title='bbox 798 1774 866 1840; x_wconf 82' lang='lat' dir='ltr'><strong>haec</strong></span> <span class='ocrx_word' id='word_1_123' title='bbox 878 1777 947 1855; x_wconf 89' lang='lat' dir='ltr'><strong>ipsa</strong></span> <span class='ocrx_word' id='word_1_124' title='bbox 956 1777 1097 1840; x_wconf 79' lang='lat' dir='ltr'><strong>executio</strong></span> 
     </span>
     <span class='ocr_line' id='line_1_18' title="bbox 169 1867 1100 1950; baseline 0.003 -19"><span class='ocrx_word' id='word_1_125' title='bbox 169 1869 264 1934; x_wconf 88' lang='lat' dir='ltr'><strong>etiam</strong></span> <span class='ocrx_word' id='word_1_126' title='bbox 283 1871 441 1948; x_wconf 86' lang='lat' dir='ltr'><strong>competat</strong></span> <span class='ocrx_word' id='word_1_127' title='bbox 457 1867 608 1948; x_wconf 84' lang='lat' dir='ltr'><strong>delegatis</strong></span> <span class='ocrx_word' id='word_1_128' title='bbox 625 1867 665 1930; x_wconf 83' lang='lat' dir='ltr'><strong>ab</strong></span> <span class='ocrx_word' id='word_1_129' title='bbox 685 1867 835 1931; x_wconf 86' lang='lat' dir='ltr'><strong>inferiore</strong></span> <span class='ocrx_word' id='word_1_130' title='bbox 856 1869 961 1950; x_wconf 85' lang='lat' dir='ltr'><strong>aliquo</strong></span> <span class='ocrx_word' id='word_1_131' title='bbox 982 1871 1100 1950; x_wconf 79' lang='lat' dir='ltr'><strong>magis-</strong></span> 
     </span>
     <span class='ocr_line' id='line_1_19' title="bbox 168 1960 1100 2044; baseline -0.002 -18"><span class='ocrx_word' id='word_1_132' title='bbox 168 1965 273 2038; x_wconf 84' lang='lat' dir='ltr'><strong>tratu,</strong></span> <span class='ocrx_word' id='word_1_133' title='bbox 296 1960 510 2041; x_wconf 86' lang='lat' dir='ltr'><strong>abepiscopo,</strong></span> <span class='ocrx_word' id='word_1_134' title='bbox 528 1979 558 2024; x_wconf 83' lang='lat' dir='ltr'><strong>v.</strong></span> <span class='ocrx_word' id='word_1_135' title='bbox 575 1977 621 2040; x_wconf 69' lang='lat' dir='ltr'><strong>g,</strong></span> <span class='ocrx_word' id='word_1_136' title='bbox 642 1961 693 2024; x_wconf 92' lang='lat' dir='ltr'><strong>vel</strong></span> <span class='ocrx_word' id='word_1_137' title='bbox 714 1963 821 2025; x_wconf 90' lang='lat' dir='ltr'><strong>utrum</strong></span> <span class='ocrx_word' id='word_1_138' title='bbox 838 1967 944 2044; x_wconf 86' lang='lat' dir='ltr'><strong>partes</strong></span> <span class='ocrx_word' id='word_1_139' title='bbox 958 1963 1000 2024; x_wconf 84' lang='lat' dir='ltr'><strong>ad</strong></span> <span class='ocrx_word' id='word_1_140' title='bbox 1014 1962 1100 2024; x_wconf 89' lang='lat' dir='ltr'><strong>dele-</strong></span> 
     </span>
     <span class='ocr_line' id='line_1_20' title="bbox 169 2052 1099 2140; baseline 0.003 -25"><span class='ocrx_word' id='word_1_141' title='bbox 169 2060 298 2134; x_wconf 86' lang='lat' dir='ltr'><strong>gantem</strong></span> <span class='ocrx_word' id='word_1_142' title='bbox 307 2072 364 2135; x_wconf 89' lang='lat' dir='ltr'><strong>pro</strong></span> <span class='ocrx_word' id='word_1_143' title='bbox 377 2054 559 2140; x_wconf 83' lang='lat' dir='ltr'><strong>executione</strong></span> <span class='ocrx_word' id='word_1_144' title='bbox 569 2052 765 2116; x_wconf 78' lang='lat' dir='ltr'><strong>remittendae</strong></span> <span class='ocrx_word' id='word_1_145' title='bbox 775 2053 847 2134; x_wconf 89' lang='lat' dir='ltr'><strong>sint,</strong></span> <span class='ocrx_word' id='word_1_146' title='bbox 855 2073 927 2118; x_wconf 89' lang='lat' dir='ltr'><strong>cum</strong></span> <span class='ocrx_word' id='word_1_147' title='bbox 937 2055 1099 2136; x_wconf 83' lang='lat' dir='ltr'><strong>delegatus</strong></span> 
     </span>
     <span class='ocr_line' id='line_1_21' title="bbox 169 2145 1098 2230; baseline -0.001 -18"><span class='ocrx_word' id='word_1_148' title='bbox 169 2145 240 2212; x_wconf 83' lang='lat' dir='ltr'><strong>talis</strong></span> <span class='ocrx_word' id='word_1_149' title='bbox 254 2146 338 2209; x_wconf 89' lang='lat' dir='ltr'><strong>omni</strong></span> <span class='ocrx_word' id='word_1_150' title='bbox 353 2165 410 2211; x_wconf 85' lang='lat' dir='ltr'><strong>suo</strong></span> <span class='ocrx_word' id='word_1_151' title='bbox 426 2146 529 2210; x_wconf 84' lang='lat' dir='ltr'><strong>officio</strong></span> <span class='ocrx_word' id='word_1_152' title='bbox 541 2146 667 2210; x_wconf 84' lang='lat' dir='ltr'><strong>functus</strong></span> <span class='ocrx_word' id='word_1_153' title='bbox 678 2146 843 2226; x_wconf 82' lang='lat' dir='ltr'><strong>videatur,</strong></span> <span class='ocrx_word' id='word_1_154' title='bbox 865 2149 1098 2230; x_wconf 83' lang='lat' dir='ltr'><strong>pronuntiando</strong></span> 
     </span>
     <span class='ocr_line' id='line_1_22' title="bbox 170 2239 1099 2322; baseline -0.001 -19"><span class='ocrx_word' id='word_1_155' title='bbox 170 2241 373 2318; x_wconf 84' lang='lat' dir='ltr'><strong>sententiam,</strong></span> <span class='ocrx_word' id='word_1_156' title='bbox 390 2239 465 2322; x_wconf 85' lang='lat' dir='ltr'><strong>quia</strong></span> <span class='ocrx_word' id='word_1_157' title='bbox 484 2246 606 2316; x_wconf 84' lang='lat' dir='ltr'><strong>tamen,</strong></span> <span class='ocrx_word' id='word_1_158' title='bbox 622 2239 671 2301; x_wconf 91' lang='lat' dir='ltr'><strong>cui</strong></span> <span class='ocrx_word' id='word_1_159' title='bbox 687 2257 782 2302; x_wconf 85' lang='lat' dir='ltr'><strong>causa</strong></span> <span class='ocrx_word' id='word_1_160' title='bbox 802 2239 997 2322; x_wconf 81' lang='lat' dir='ltr'><strong>expedienda</strong></span> <span class='ocrx_word' id='word_1_161' title='bbox 1017 2257 1099 2304; x_wconf 92' lang='lat' dir='ltr'><strong>com·</strong></span> 
     </span>
     <span class='ocr_line' id='line_1_23' title="bbox 171 2331 1097 2411; baseline -0.004 -13"><span class='ocrx_word' id='word_1_162' title='bbox 171 2333 319 2411; x_wconf 88' lang='lat' dir='ltr'><strong>mittitur,</strong></span> <span class='ocrx_word' id='word_1_163' title='bbox 345 2332 451 2396; x_wconf 90' lang='lat' dir='ltr'><strong>omnia</strong></span> <span class='ocrx_word' id='word_1_164' title='bbox 476 2333 571 2397; x_wconf 88' lang='lat' dir='ltr'><strong>etiam</strong></span> <span class='ocrx_word' id='word_1_165' title='bbox 588 2331 756 2395; x_wconf 83' lang='lat' dir='ltr'><strong>commisse</strong></span> <span class='ocrx_word' id='word_1_166' title='bbox 775 2333 887 2396; x_wconf 88' lang='lat' dir='ltr'><strong>merito</strong></span> <span class='ocrx_word' id='word_1_167' title='bbox 911 2336 1097 2408; x_wconf 87' lang='lat' dir='ltr'><strong>censentur,</strong></span> 
     </span>
     <span class='ocr_line' id='line_1_24' title="bbox 171 2425 1096 2507; baseline -0.002 -19"><span class='ocrx_word' id='word_1_168' title='bbox 171 2445 242 2507; x_wconf 78' lang='lat' dir='ltr'><strong>qum</strong></span> <span class='ocrx_word' id='word_1_169' title='bbox 264 2426 306 2488; x_wconf 86' lang='lat' dir='ltr'><strong>ad</strong></span> <span class='ocrx_word' id='word_1_170' title='bbox 320 2444 422 2488; x_wconf 83' lang='lat' dir='ltr'><strong>causae</strong></span> <span class='ocrx_word' id='word_1_171' title='bbox 436 2426 508 2488; x_wconf 82' lang='lat' dir='ltr'><strong>telis</strong></span> <span class='ocrx_word' id='word_1_172' title='bbox 526 2425 758 2504; x_wconf 84' lang='lat' dir='ltr'><strong>expeditionem</strong></span> <span class='ocrx_word' id='word_1_173' title='bbox 777 2429 919 2504; x_wconf 82' lang='lat' dir='ltr'><strong>spectare</strong></span> <span class='ocrx_word' id='word_1_174' title='bbox 933 2427 1096 2502; x_wconf 90' lang='lat' dir='ltr'><strong>videntur,</strong></span> 
     </span>
     <span class='ocr_line' id='line_1_25' title="bbox 170 2517 1098 2598; baseline 0.002 -20"><span class='ocrx_word' id='word_1_175' title='bbox 170 2519 242 2581; x_wconf 91' lang='lat' dir='ltr'><strong>idco</strong></span> <span class='ocrx_word' id='word_1_176' title='bbox 257 2517 451 2596; x_wconf 77' lang='lat' dir='ltr'><strong>probabilius</strong></span> <span class='ocrx_word' id='word_1_177' title='bbox 465 2521 512 2580; x_wconf 87' lang='lat' dir='ltr'><strong>est</strong></span> <span class='ocrx_word' id='word_1_178' title='bbox 526 2517 620 2580; x_wconf 85' lang='lat' dir='ltr'><strong>etiam</strong></span> <span class='ocrx_word' id='word_1_179' title='bbox 633 2517 682 2579; x_wconf 88' lang='lat' dir='ltr'><strong>his</strong></span> <span class='ocrx_word' id='word_1_180' title='bbox 697 2518 849 2598; x_wconf 79' lang='lat' dir='ltr'><strong>delegatis</strong></span> <span class='ocrx_word' id='word_1_181' title='bbox 860 2537 925 2583; x_wconf 80' lang='lat' dir='ltr'><strong>suae</strong></span> <span class='ocrx_word' id='word_1_182' title='bbox 936 2517 1098 2581; x_wconf 79' lang='lat' dir='ltr'><strong>sententiae</strong></span> 
     </span>
     <span class='ocr_line' id='line_1_26' title="bbox 171 2609 1100 2693; baseline 0 -21"><span class='ocrx_word' id='word_1_183' title='bbox 171 2609 389 2672; x_wconf 82' lang='lat' dir='ltr'><strong>executionem</strong></span> <span class='ocrx_word' id='word_1_184' title='bbox 403 2613 592 2689; x_wconf 87' lang='lat' dir='ltr'><strong>competere,</strong></span> <span class='ocrx_word' id='word_1_185' title='bbox 611 2609 670 2672; x_wconf 87' lang='lat' dir='ltr'><strong>nisi</strong></span> <span class='ocrx_word' id='word_1_186' title='bbox 682 2611 859 2691; x_wconf 81' lang='lat' dir='ltr'><strong>specialiter</strong></span> <span class='ocrx_word' id='word_1_187' title='bbox 873 2611 941 2674; x_wconf 83' lang='lat' dir='ltr'><strong>haec</strong></span> <span class='ocrx_word' id='word_1_188' title='bbox 955 2611 1014 2674; x_wconf 89' lang='lat' dir='ltr'><strong>illis</strong></span> <span class='ocrx_word' id='word_1_189' title='bbox 1026 2629 1100 2693; x_wconf 90' lang='lat' dir='ltr'><strong>pro·</strong></span> 
     </span>
     <span class='ocr_line' id='line_1_27' title="bbox 172 2702 377 2767; baseline 0.01 -3"><span class='ocrx_word' id='word_1_190' title='bbox 172 2702 273 2767; x_wconf 86' lang='lat' dir='ltr'><strong>hibita</strong></span> <span class='ocrx_word' id='word_1_191' title='bbox 286 2709 377 2766; x_wconf 85' lang='lat' dir='ltr'><strong>esset.</strong></span> 
     </span>
    </p>

    <p class='ocr_par' dir='ltr' id='par_1_5' title="bbox 94 2796 1101 3528">
     <span class='ocr_line' id='line_1_28' title="bbox 213 2796 1099 2878; baseline 0.001 -20"><span class='ocrx_word' id='word_1_192' title='bbox 213 2798 281 2859; x_wconf 90' lang='lat' dir='ltr'><strong>Nou</strong></span> <span class='ocrx_word' id='word_1_193' title='bbox 296 2799 462 2860; x_wconf 84' lang='lat' dir='ltr'><strong>esttamen</strong></span> <span class='ocrx_word' id='word_1_194' title='bbox 476 2797 631 2860; x_wconf 87' lang='lat' dir='ltr'><strong>sententia</strong></span> <span class='ocrx_word' id='word_1_195' title='bbox 646 2797 768 2878; x_wconf 79' lang='lat' dir='ltr'><strong>(saltem</strong></span> <span class='ocrx_word' id='word_1_196' title='bbox 782 2796 814 2858; x_wconf 94' lang='lat' dir='ltr'><strong>in</strong></span> <span class='ocrx_word' id='word_1_197' title='bbox 827 2796 979 2878; x_wconf 86' lang='lat' dir='ltr'><strong>civilibus)</strong></span> <span class='ocrx_word' id='word_1_198' title='bbox 993 2796 1099 2859; x_wconf 83' lang='lat' dir='ltr'><strong>statim</strong></span> 
     </span>
     <span class='ocr_line' id='line_1_29' title="bbox 172 2889 1099 2970; baseline -0.002 -18"><span class='ocrx_word' id='word_1_199' title='bbox 172 2889 348 2954; x_wconf 82' lang='lat' dir='ltr'><strong>executioni</strong></span> <span class='ocrx_word' id='word_1_200' title='bbox 371 2889 568 2968; x_wconf 82' lang='lat' dir='ltr'><strong>mandenda,</strong></span> <span class='ocrx_word' id='word_1_201' title='bbox 593 2891 650 2952; x_wconf 85' lang='lat' dir='ltr'><strong>sed</strong></span> <span class='ocrx_word' id='word_1_202' title='bbox 671 2889 900 2970; x_wconf 84' lang='lat' dir='ltr'><strong>expectandum</strong></span> <span class='ocrx_word' id='word_1_203' title='bbox 923 2894 973 2961; x_wconf 84' lang='lat' dir='ltr'><strong>est</strong></span> <span class='ocrx_word' id='word_1_204' title='bbox 989 2889 1099 2951; x_wconf 86' lang='lat' dir='ltr'><strong>saltem</strong></span> 
     </span>
     <span class='ocr_line' id='line_1_30' title="bbox 172 2981 1100 3064; baseline -0.003 -20"><span class='ocrx_word' id='word_1_205' title='bbox 172 3003 229 3064; x_wconf 91' lang='lat' dir='ltr'><strong>per</strong></span> <span class='ocrx_word' id='word_1_206' title='bbox 243 2984 310 3045; x_wconf 86' lang='lat' dir='ltr'><strong>dies</strong></span> <span class='ocrx_word' id='word_1_207' title='bbox 325 2981 435 3044; x_wconf 88' lang='lat' dir='ltr'><strong>decem</strong></span> <span class='ocrx_word' id='word_1_208' title='bbox 448 2983 494 3063; x_wconf 86' lang='lat' dir='ltr'><strong>(ut</strong></span> <span class='ocrx_word' id='word_1_209' title='bbox 506 2983 594 3045; x_wconf 87' lang='lat' dir='ltr'><strong>locus</strong></span> <span class='ocrx_word' id='word_1_210' title='bbox 607 2983 698 3045; x_wconf 89' lang='lat' dir='ltr'><strong>detur</strong></span> <span class='ocrx_word' id='word_1_211' title='bbox 712 2982 945 3061; x_wconf 73' lang='lat' dir='ltr'><strong>interponendae</strong></span> <span class='ocrx_word' id='word_1_212' title='bbox 961 2981 1100 3061; x_wconf 86' lang='lat' dir='ltr'><strong>appella-</strong></span> 
     </span>
     <span class='ocr_line' id='line_1_31' title="bbox 173 3074 1101 3155; baseline -0.006 -15"><span class='ocrx_word' id='word_1_213' title='bbox 173 3077 261 3155; x_wconf 88' lang='lat' dir='ltr'><strong>tioni,</strong></span> <span class='ocrx_word' id='word_1_214' title='bbox 278 3077 305 3138; x_wconf 89' lang='lat' dir='ltr'><strong>si</strong></span> <span class='ocrx_word' id='word_1_215' title='bbox 316 3076 397 3155; x_wconf 88' lang='lat' dir='ltr'><strong>parti</strong></span> <span class='ocrx_word' id='word_1_216' title='bbox 408 3078 547 3155; x_wconf 76' lang='lat' dir='ltr'><strong>gravatae</strong></span> <span class='ocrx_word' id='word_1_217' title='bbox 560 3074 704 3136; x_wconf 85' lang='lat' dir='ltr'><strong>videatur</strong></span> <span class='ocrx_word' id='word_1_218' title='bbox 715 3075 948 3155; x_wconf 87' lang='lat' dir='ltr'><strong>appellandum)</strong></span> <span class='ocrx_word' id='word_1_219' title='bbox 962 3074 1034 3136; x_wconf 89' lang='lat' dir='ltr'><strong>etin</strong></span> <span class='ocrx_word' id='word_1_220' title='bbox 1047 3074 1101 3136; x_wconf 92' lang='lat' dir='ltr'><strong>de·</strong></span> 
     </span>
     <span class='ocr_line' id='line_1_32' title="bbox 94 3167 1099 3248; baseline -0.005 -16"><span class='ocrx_word' id='word_1_221' title='bbox 94 3193 97 3197; x_wconf 56' lang='lat'><strong><em>¹</em></strong></span> <span class='ocrx_word' id='word_1_222' title='bbox 173 3169 245 3232; x_wconf 87' lang='lat' dir='ltr'><strong>bitis</strong></span> <span class='ocrx_word' id='word_1_223' title='bbox 259 3168 475 3248; x_wconf 80' lang='lat' dir='ltr'><strong>personatibus</strong></span> <span class='ocrx_word' id='word_1_224' title='bbox 487 3171 610 3246; x_wconf 84' lang='lat' dir='ltr'><strong>tempus</strong></span> <span class='ocrx_word' id='word_1_225' title='bbox 628 3186 648 3228; x_wconf 87' lang='lat' dir='ltr'><strong>a</strong></span> <span class='ocrx_word' id='word_1_226' title='bbox 664 3167 736 3246; x_wconf 87' lang='lat' dir='ltr'><strong>jure</strong></span> <span class='ocrx_word' id='word_1_227' title='bbox 750 3167 913 3229; x_wconf 85' lang='lat' dir='ltr'><strong>definitum</strong></span> <span class='ocrx_word' id='word_1_228' title='bbox 927 3168 968 3230; x_wconf 84' lang='lat' dir='ltr'><strong>ed</strong></span> <span class='ocrx_word' id='word_1_229' title='bbox 990 3185 1099 3230; x_wconf 82' lang='lat' dir='ltr'><strong>execu-</strong></span> 
     </span>
     <span class='ocr_line' id='line_1_33' title="bbox 173 3259 1098 3340; baseline 0 -18"><span class='ocrx_word' id='word_1_230' title='bbox 173 3260 302 3337; x_wconf 91' lang='lat' dir='ltr'><strong>tionem,</strong></span> <span class='ocrx_word' id='word_1_231' title='bbox 319 3263 366 3322; x_wconf 88' lang='lat' dir='ltr'><strong>est</strong></span> <span class='ocrx_word' id='word_1_232' title='bbox 388 3263 512 3340; x_wconf 83' lang='lat' dir='ltr'><strong>tempus</strong></span> <span class='ocrx_word' id='word_1_233' title='bbox 530 3259 776 3339; x_wconf 79' lang='lat' dir='ltr'><strong>quadrimestre,</strong></span> <span class='ocrx_word' id='word_1_234' title='bbox 792 3260 877 3340; x_wconf 87' lang='lat' dir='ltr'><strong>quad</strong></span> <span class='ocrx_word' id='word_1_235' title='bbox 892 3261 1098 3326; x_wconf 83' lang='lat' dir='ltr'><strong>condemnato</strong></span> 
     </span>
     <span class='ocr_line' id='line_1_34' title="bbox 174 3351 1100 3435; baseline 0 -19"><span class='ocrx_word' id='word_1_236' title='bbox 174 3352 214 3416; x_wconf 82' lang='lat' dir='ltr'><strong>ud</strong></span> <span class='ocrx_word' id='word_1_237' title='bbox 224 3352 409 3415; x_wconf 87' lang='lat' dir='ltr'><strong>solvendum</strong></span> <span class='ocrx_word' id='word_1_238' title='bbox 423 3351 616 3430; x_wconf 85' lang='lat' dir='ltr'><strong>conceditur,</strong></span> <span class='ocrx_word' id='word_1_239' title='bbox 632 3352 677 3414; x_wconf 85' lang='lat' dir='ltr'><strong>ita</strong></span> <span class='ocrx_word' id='word_1_240' title='bbox 683 3355 801 3430; x_wconf 84' lang='lat' dir='ltr'><strong>tamen,</strong></span> <span class='ocrx_word' id='word_1_241' title='bbox 814 3355 849 3415; x_wconf 91' lang='lat' dir='ltr'><strong>ut</strong></span> <span class='ocrx_word' id='word_1_242' title='bbox 862 3371 901 3415; x_wconf 85' lang='lat' dir='ltr'><strong>ex</strong></span> <span class='ocrx_word' id='word_1_243' title='bbox 909 3353 996 3435; x_wconf 88' lang='lat' dir='ltr'><strong>justa</strong></span> <span class='ocrx_word' id='word_1_244' title='bbox 1004 3371 1100 3417; x_wconf 81' lang='lat' dir='ltr'><strong>causa</strong></span> 
     </span>
     <span class='ocr_line' id='line_1_35' title="bbox 173 3443 796 3528; baseline 0 -20"><span class='ocrx_word' id='word_1_245' title='bbox 173 3443 272 3528; x_wconf 85' lang='lat' dir='ltr'><strong>possit</strong></span> <span class='ocrx_word' id='word_1_246' title='bbox 287 3443 347 3506; x_wconf 89' lang='lat' dir='ltr'><strong>hoc</strong></span> <span class='ocrx_word' id='word_1_247' title='bbox 358 3447 481 3524; x_wconf 85' lang='lat' dir='ltr'><strong>tempus</strong></span> <span class='ocrx_word' id='word_1_248' title='bbox 494 3443 678 3506; x_wconf 79' lang='lat' dir='ltr'><strong>abbreviare</strong></span> <span class='ocrx_word' id='word_1_249' title='bbox 688 3443 796 3524; x_wconf 85' lang='lat' dir='ltr'><strong>judex.</strong></span> 
     </span>
    </p>
   </div>
   <div class='ocr_carea' id='block_1_3' title="bbox 0 0 1305 4020">
    <p class='ocr_par' dir='ltr' id='par_1_6' title="bbox 0 0 1305 4020">
     <span class='ocr_line' id='line_1_36' title="bbox 0 0 1305 4020; baseline 0 0"><span class='ocrx_word' id='word_1_250' title='bbox 0 0 1305 4020; x_wconf 95' lang='lat' dir='ltr'><strong> </strong></span> 
     </span>
    </p>
   </div>
  </div>
 </body>
</html>
