2584 4022
531 299 569 347 or
589 301 727 350 sumens.
1064 285 1101 349 tt

171 442 381 522 suspicionem
389 463 546 524 genereus
557 447 718 525 opporeut,
742 447 775 507 et
792 445 834 506 ob
847 445 907 508 hoc
923 444 1105 508 authentice

155 533 232 598 'dici
258 537 370 615 possit;
397 555 460 599 non
487 542 594 600 tomen
618 538 720 600 omnis
742 538 924 600 authentica
949 538 1105 618 scripture

172 630 267 692 etiem
281 630 407 709 publice
426 632 550 706 est,nisi
562 632 594 693 in
608 631 719 694 letiore
734 631 838 712 aliquo
849 649 944 693 sensu
956 632 991 692 rt
1004 632 1104 710 publi-

172 741 244 786 cum
257 723 400 802 occipere
413 725 501 786 velis.

210 817 286 888 Ques
300 819 407 878 eutem
420 817 547 896 publice
561 818 690 897 propria
705 817 861 897 scripture
879 822 926 879 est
943 835 962 877 c
981 817 1103 880 noterio

172 909 324 986 confecta,
332 909 445 971 iterum
458 911 574 990 duplex
585 915 633 973 est
645 931 652 972 :
665 910 728 971 elie
741 913 872 972 vocatur
884 911 1102 990 promendum,

172 1017 245 1083 quae
267 1003 453 1081 summario,
470 1003 639 1081 succincte,
666 1022 721 1066 eeu
739 1003 844 1084 breuis
858 1007 946 1065 ectus
966 1003 1045 1083 gesti
1058 1006 1105 1064 est

172 1095 344 1173 annotatio,
365 1097 525 1159 memoriae
547 1115 643 1158 cause
662 1095 761 1170 fecte;
777 1096 839 1157 alie
865 1100 997 1158 vocetur
1018 1099 1104 1158 trum

171 1192 351 1266 sumptum,
378 1189 524 1251 videlicet
552 1189 796 1256 instrumentum
822 1189 1038 1253 authenticum
1073 1193 1104 1251 et

171 1281 333 1360 originale,
351 1300 389 1342 ex
398 1282 569 1362 protocollo
583 1281 795 1361 desumptum,
811 1283 845 1342 in
858 1282 1032 1362 legitimum
1041 1283 1105 1344 for-

170 1391 256 1434 mam
271 1393 343 1436 oum
364 1365 752 1437 debitis'solemnitetibus
779 1376 953 1454 redactum,
979 1376 1105 1455 plenem

169 1467 214 1528 rei
225 1471 321 1546 gestae
336 1468 563 1547 expositionem
581 1467 754 1530 continens.
771 1469 809 1530 ltt
828 1485 899 1548 quae
921 1487 959 1528 ex
980 1467 1029 1529 his
1043 1468 1105 1531 ori-

168 1559 324 1639 ginalibus
349 1561 563 1623 instrumentis
593 1561 838 1638 describuntur,
867 1560 1012 1640 exemplo
1038 1561 1104 1622 sive

169 1653 266 1732 oopiae
278 1653 558 1716 instrumentorum
571 1655 728 1717 dicuntur.
747 1655 874 1716 Privato
895 1673 971 1716 vero
986 1654 1104 1716 instru-

170 1750 287 1824 menta,
302 1765 372 1827 quae
387 1748 560 1810 domestice
579 1749 674 1810 etiem
697 1747 856 1824 dicuntur,
883 1751 914 1809 et
932 1765 952 1807 o
970 1747 1104 1826 privetis

170 1843 293 1902 tantum
303 1841 455 1918 personis,
473 1859 535 1903 non
548 1845 654 1903 eutem
668 1860 687 1902 e
700 1841 823 1903 noterio
837 1840 980 1902 contecta
995 1840 1105 1901 dicun-

169 1935 231 2010 tur,
253 1934 434 1996 authentice
451 1936 533 2012 sunt,
555 1934 686 1995 vel-non
701 1932 892 1996 authentice.
915 1932 1103 1995 Authentice

170 2026 317 2089 dicuntur
330 2027 400 2105 ille,
418 2047 488 2108 queo
516 2028 644 2090 testium
667 2027 895 2106 subscriptione
917 2029 972 2089 eut
987 2026 1100 2106 sigillo,

169 2136 269 2198 eoque
284 2121 444 2200 recognito
460 2124 492 2182 et
505 2121 697 2200 approbato,
712 2119 835 2182 vetolio
856 2119 997 2199 legitimo
1007 2119 1101 2181 modo

167 2212 289 2273 munite
313 2216 396 2290 sunt,
421 2213 467 2274 ite
492 2217 528 2274 ot
551 2213 678 2293 plenem
703 2213 799 2274 sidem
813 2213 939 2274 facient.
956 2214 1024 2272 Non
1046 2231 1103 2272 eu·

166 2304 306 2366 theutica
321 2304 468 2367 dicuntur
479 2300 545 2383 ille,
564 2323 634 2385 quae
649 2305 697 2366 his
707 2304 905 2366 adminiculis
920 2307 1037 2380 carent,
1054 2304 1102 2364 uti

167 2401 239 2459 sunt
253 2398 389 2460 rationes
401 2399 543 2478 privetae,
556 2396 872 2477 inventerispriveto,
885 2415 939 2457 seu
954 2396 1099 2474 registra,

167 2490 307 2569 opochee,
320 2491 517 2570 entrpochee,
526 2491 666 2570 epistolee
678 2490 821 2569 private,
836 2493 896 2552 etc.

202 2585 312 2646 XXIX.
331 2583 476 2658 Quomodo
501 2583 712 2666 conficiendum
732 2583 773 2644 sit
798 2583 1023 2646 instrumentum
1042 2603 1103 2665 pu·
1144 2659 1147 2662 .

165 2675 295 2738 tticum?
321 2678 430 2739 Plures
457 2681 530 2739 sunt
550 2677 763 2740 solemnitates
785 2677 826 2738 ed
848 2677 909 2741 hoc
929 2678 1099 2759 requisites.

164 2769 269 2830 Primo
291 2770 460 2850 requiritur
483 2770 579 2832 divini
597 2769 731 2832 nominis
755 2770 929 2844 invoceti03
951 2771 1040 2852 cujus
1055 2775 1101 2832 ta-

164 2879 237 2924 men
265 2863 411 2940 omissio,
429 2864 540 2925 saltem
566 2864 605 2924 dc
627 2863 699 2944 jure
723 2862 882 2925 communi
904 2864 1019 2942 scripto
1039 2883 1102 2926 non

163 2955 252 3018 vitiet
261 2956 516 3034 instrumentum,
532 2956 716 3018 cumuullus
728 2955 809 3036 juris
823 2959 927 3018 textus
946 2955 1103 3018 habeatur

164 3050 396 3127 expressionem
419 3048 501 3110 hono
531 3051 714 3130 requirens3
743 3047 899 3110 serrendo
923 3052 1030 3110 tamen
1054 3051 1102 3111 est

165 3143 557 3205 communisconsuetudo.

127 3303 130 3310 ,
206 3237 352 3298 Secundo
398 3236 571 3318 requiritur
599 3239 634 3297 ut
666 3237 802 3316 ponetur
835 3235 868 3295 in
895 3235 1102 3298 instrumento

164 3347 264 3390 annus
276 3329 451 3392 nativitatis
466 3329 591 3392 Domini
599 3345 730 3392 currens
740 3345 777 3390 eo
790 3331 943 3408 tempore,
960 3333 992 3391 et
1006 3347 1102 3409 oppo-

163 3427 257 3484 netur
267 3421 396 3501 insuper
410 3423 549 3501 indictio,
567 3429 599 3486 et
610 3425 682 3504 post
691 3421 905 3500 indictionem,
927 3423 1045 3485 mensis
1064 3441 1101 3484 ec

163 3515 229 3576 dies
244 3517 375 3578 confecti
387 3517 585 3580 instrumenti
598 3565 606 3596 ,
621 3523 653 3579 et
670 3533 897 3597 nonnunquam
912 3517 1008 3581 etiem
1022 3516 1102 3578 horu
