2586 4020
563 275 601 324 nn
622 275 758 324 runicus.
1074 261 1129 326 tol

201 439 260 484 usu
272 419 394 503 patriae,
410 421 502 502 juxte
516 439 611 501 quem
622 421 690 502 jem
708 420 779 499 hoo,
795 420 860 500 jam
871 420 959 499 illud,
977 439 1036 502 pro
1047 420 1132 502 juro·

201 518 307 576 mento
323 515 470 591 liabetur,
488 513 610 576 etiamsi
626 514 770 594 explicite
784 514 925 576 divinum
939 533 1054 577 nomen
1069 532 1132 576 non

200 608 364 670 invocetur
386 608 418 667 in
438 610 566 685 testem,
588 611 619 670 et
640 627 678 668 ex
699 607 859 686 theologia
881 602 992 669 morali
1012 608 1131 670 discere

201 705 305 782 potes,
330 719 426 781 quam
450 720 487 761 ex
507 701 578 782 jure
603 701 770 778 canonico,
788 720 825 762 ex
848 719 910 782 quo
929 705 1034 762 tomen
1057 702 1132 763 sutis

201 798 322 855 certum
336 798 393 871 cst,
410 794 495 874 quod
508 812 546 854 ex
558 797 672 856 nutura
683 794 730 854 rei
743 812 805 855 non
820 794 1022 874 requirentur
1035 795 1133 856 verbe

200 886 341 949 formella
353 887 393 947 ed
405 886 620 967 juramentum
633 887 734 967 (uelde
747 890 853 948 temen
870 887 1059 972 conveniens
1072 890 1129 964 est,

201 981 277 1042 utin
289 981 356 1041 foro
370 983 497 1041 externo
514 998 571 1060 per
584 980 681 1042 verbe
689 979 837 1060 juretur),
850 983 882 1041 et
891 980 1133 1061 quemvisjuxta

204 1075 258 1136 SS.
276 1091 411 1134 oenones
431 1072 646 1153 juramentum
660 1073 728 1133 ficri
744 1073 872 1150 debeat,
885 1073 976 1135 tectis
998 1073 1047 1134 vel
1061 1091 1133 1154 pro·

201 1166 310 1247 positis
322 1167 433 1228 saltem
446 1165 641 1245 Evangeliis,
659 1166 744 1247 quod
758 1166 790 1226 in
802 1166 981 1248 juramento
1001 1166 1132 1229 solemni

202 1278 286 1339 serpe
297 1262 452 1335 servetur,
463 1259 659 1330 consuetudo
669 1265 774 1320 tamen
783 1259 1130 1340 moribuspraeseripsit,

202 1356 238 1413 ut
262 1351 373 1412 erectis
398 1367 469 1411 cum
489 1350 601 1429 pollice
626 1349 749 1412 duobus
770 1350 879 1430 primis
901 1350 1005 1431 digitis
1020 1369 1132 1414 manns

202 1443 331 1520 dextrae,
346 1443 475 1522 reliquis
488 1443 610 1504 dnobus
620 1444 653 1503 in
668 1443 838 1523 depressis;
855 1443 991 1505 foeminis
1003 1447 1133 1521 vcro,ut

199 1536 307 1617 jurent
327 1536 368 1596 ed
392 1535 550 1597 sinistram
570 1536 705 1615 pectoris
726 1539 849 1615 partem
869 1537 971 1616 posito
985 1536 1129 1610 dextern;

201 1629 418 1691 sacerdotibus
431 1629 566 1709 denique
583 1630 742 1710 tangendo
759 1637 879 1712 pectus,
896 1633 931 1690 nt
941 1629 1059 1710 jurent.

243 1723 394 1784 XXXVII.
409 1721 615 1791 duramentum
626 1721 771 1786 dividitor
784 1723 885 1803 primo
900 1723 932 1783 in
947 1721 1133 1783 mrertort'om

202 1820 234 1878 et
244 1815 475 1898 promissorium,
490 1815 535 1877 uti
549 1815 752 1896 jamdictum,
765 1817 809 1878 ite
823 1819 858 1878 ut
868 1815 1132 1895 adjuramentum

202 1907 441 1988 promissorium
449 1926 513 1970 non
522 1911 645 1970 tentum
656 1910 826 1972 reducetur
833 1908 1058 1990 juramentum,
1069 1926 1131 1988 quo

202 2003 407 2062 confirmatur
423 2000 599 2080 promissio,
617 2001 682 2062 sive
696 2006 833 2082 pactum,
850 2002 906 2064 sed
917 2001 1133 2082 juramentum

206 2093 301 2154 etiam
325 2093 483 2154 fidelitatis
505 2099 536 2154 et
550 2093 746 2172 obedientiae,
764 2095 848 2175 quod
871 2094 1009 2175 episcopi
1025 2093 1055 2154 in
1084 2093 1131 2155 sui

131 2245 141 2254 ,
205 2185 412 2263 ordinatione,
430 2189 461 2246 et
473 2185 602 2246 abbates
614 2186 647 2248 in
659 2187 705 2247 sui
719 2186 948 2264 benedictione,
964 2186 989 2248 si
1001 2204 1021 2248 e
1032 2185 1133 2264 ponti-

202 2279 260 2338 fice
275 2278 544 2340 confirmationem
554 2297 619 2338 suec
634 2278 794 2358 dignitatis
808 2278 973 2358 accipient,
983 2281 1132 2357 praestere
1231 2300 1233 2304 ·

203 2369 320 2431 debent
334 2371 462 2432 Summo
476 2369 629 2432 Pontifici.

244 2463 388 2525 Secundo
415 2462 565 2525 dividitur
582 2463 797 2544 juramentum
822 2463 854 2526 in
877 2464 1129 2542 contestatorium,

203 2555 268 2616 sive
292 2555 370 2616 illud
406 2556 491 2636 quod
525 2557 560 2618 fit
584 2575 641 2634 pen
666 2555 840 2635 simplicem
874 2557 1133 2620 contestationem

205 2647 302 2708 divini
318 2647 463 2726 nominis,
477 2648 542 2710 sive
557 2647 682 2728 'quondo
693 2649 965 2730 simpliciterlleus
978 2649 1010 2710 in
1021 2654 1133 2712 testem

203 2743 354 2815 vocetur3
371 2745 403 2802 ct
416 2741 448 2801 in
460 2740 674 2822 juramentum
688 2743 912 2821 oeconomum,
929 2742 1014 2823 quod
1028 2742 1063 2804 fit
1073 2743 1133 2805 sibi

198 2832 272 2912 ipsi,
296 2833 347 2894 vel
365 2833 433 2894 eliis
455 2833 592 2911 dilectis,
608 2833 766 2896 vindicem
787 2837 902 2912 Deum,
927 2835 993 2896 sive
1014 2835 1133 2898 malum

205 2943 224 2986 e
251 2926 316 2986 Deo
342 2924 574 2986 immittendum
595 2925 809 3014 imprecendo.
840 2929 885 2987 De
906 2944 967 3006 quo
993 2926 1134 3006 theologi

204 3018 350 3080 morales

243 3109 348 3170 'lertio
365 3108 515 3173 dividitur
530 3108 563 3168 in
574 3108 788 3189 juramentum
795 3108 942 3189 judiciale
958 3111 989 3171 et
998 3111 1134 3192 ectrojo-

205 3202 319 3264 dictale.
344 3205 410 3263 Hoc
432 3205 520 3278 extro
535 3201 690 3282 judicium
704 3202 757 3279 fir,
779 3209 810 3264 et
829 3202 903 3264 setis
926 3201 1133 3281 explicature

204 3293 359 3374 theologis
373 3293 555 3356 moralibus.
572 3293 652 3355 lllnd
666 3294 698 3355 in
709 3294 828 3376 judicio
839 3295 884 3372 fit,
902 3298 933 3358 et
946 3295 978 3356 in
993 3295 1133 3358 diversus

205 3386 326 3468 speeies
346 3386 568 3463 subdividitur,
585 3386 629 3448 ite
643 3390 678 3448 ut
687 3387 772 3449 eliud
785 3386 907 3450 dicetur
917 3387 1133 3469 juramentum

206 3478 388 3556 calumniae,
419 3479 505 3540 eliud
533 3478 656 3540 dicetur
678 3479 711 3542 in
732 3479 838 3559 litem,
859 3479 947 3562 cujus
970 3483 1034 3542 tres
1060 3482 1132 3542 sunt

997 3584 1027 3640 ,t
