2586 4020
181 273 238 336 {re
387 287 614 338 1nss1rur1onss
634 289 717 338 surus
739 289 893 338 cenoulur.

178 429 275 493 tidem
288 431 339 494 ille
351 451 415 496 non
427 433 553 510 habeat,
566 435 593 498 si
604 453 766 498 successor
780 435 820 497 sit
832 431 1030 510 universalis,
1041 431 1107 494 sive

179 521 279 586 haeres
295 527 500 591 antecessoris
513 529 606 592 malsc
625 529 699 591 fidei
716 548 723 590 ε
740 527 851 590 vitium
865 527 950 590 enim
962 523 1107 587 defuncti

179 633 292 680 nocere
313 619 380 701 ejus
401 622 572 684 successori
596 621 784 698 universali,
804 639 875 682 cum
892 620 932 686 sit
946 617 1035 700 (juns
1053 616 1106 679 fio

177 709 274 791 tione)
287 730 432 775 unacum
446 714 594 776 defuncto
616 732 761 794 persona,
777 720 808 775 et
822 713 933 774 eedem
948 711 1038 792 (juris
1049 712 1107 778 iio·

177 803 274 884 tione)
284 805 418 868 hoeredis
430 807 501 868 tslis
512 804 1103 886 etantecessorisiiliuspossessio,etc,

177 897 294 975 possim
302 899 466 974 asseritur3
479 899 537 960 nisi
548 900 649 962 haeres
660 900 732 962 telis
743 907 859 982 prester
869 898 995 961 titulum
1005 897 1106 958 haere-

177 988 292 1067 ditetis,
309 991 370 1053 elio
392 993 518 1071 speciali
532 993 621 1055 t'tulo
642 1012 711 1055 rem
731 993 826 1054 telem
839 990 1025 1073 possideret,
1049 994 1105 1050 eut

176 1099 239 1142 non
247 1086 328 1145 esset
335 1084 435 1146 hssres
442 1085 652 1162 immediatus
661 1086 718 1147 sed
725 1086 1019 1160 medietustantum,
1027 1085 1100 1155 eto.;

176 1174 236 1235 hoc
248 1176 334 1236 enim
348 1175 381 1237 in
393 1180 526 1256 utroque
537 1196 611 1239 cesu
625 1197 688 1240 non
699 1178 823 1240 obesset
835 1177 920 1238 meis
931 1175 1009 1238 fides
1018 1181 1103 1236 ante—

176 1270 317 1346 cessone,
335 1287 407 1332 eum
420 1271 452 1332 in
463 1271 573 1332 ordine
588 1273 628 1332 sd
646 1273 743 1334 talem
756 1289 840 1348 rem,
851 1270 901 1332 vel
915 1269 1028 1332 nonsit
1039 1286 1103 1329 uns

175 1362 349 1443 eademque
362 1383 496 1444 persone
511 1363 600 1446 (juris
612 1365 748 1445 fictione)
761 1379 923 1426 successor
934 1381 1006 1424 cum
1016 1365 1104 1423 aute-

175 1471 309 1533 cessore,
326 1457 375 1517 vei
390 1457 517 1520 deretur
531 1459 645 1537 duplex
664 1458 748 1521 iiotio
760 1456 857 1539 juris,
879 1475 949 1537 quae
964 1459 1068 1518 tamen
1083 1473 1103 1515 a

171 1547 244 1627 jure
258 1548 454 1627 reprobatur.

214 1643 246 1702 3⁸¹
268 1640 406 1703 conditio.
438 1632 599 1706 Ordinsrie
625 1644 744 1724 requiri
772 1642 813 1704 ed
835 1639 1103 1721 praescribendum

174 1738 289 1812 prester
300 1733 417 1794 honam
435 1735 530 1796 iidem
543 1735 660 1817 justum
677 1736 812 1814 titolum,
836 1735 1029 1796 inconfesse
1055 1738 1103 1794 est
1127 1807 1137 1826 ἐ

175 1824 260 1904 epud
277 1844 396 1904 omnes,
406 1845 442 1889 eo
452 1829 536 1907 quod
546 1829 652 1891 titulus
667 1829 707 1891 sit
717 1830 850 1892 causant
862 1826 1102 1912 fundamentum

171 1918 264 1998 justae
279 1919 498 1998 possessionis
516 1925 547 1983 et
560 1921 676 1984 bonam
694 1922 789 1983 fidem
807 1921 924 1982 hebere
941 1919 993 1980 vix
1004 1918 1101 1999 possit

173 2011 284 2091 aliquis
299 2013 339 2072 ab
355 2011 443 2077 initio
456 2014 586 2091 saltem,
602 2015 662 2075 uisi
681 2012 818 2076 habilem
833 2013 949 2076 hebeat
963 2015 994 2074 et
1013 2011 1100 2073 suffi-

172 2102 306 2165 cientem
320 2105 445 2167 titulum
459 2107 500 2168 ad
513 2107 748 2186 possidendum.

212 2199 318 2278 Neque
336 2202 442 2260 temen
461 2200 569 2262 titulus
587 2201 638 2262 hic
653 2200 693 2261 ad
711 2198 979 2279 prescriptionem
995 2197 1097 2278 requi-

172 2291 248 2352 situs
263 2311 356 2354 verus
371 2292 465 2356 dehet
479 2312 564 2356 esse:
579 2311 664 2371 vers,
680 2313 708 2358 v.
725 2312 770 2373 g.,
788 2292 926 2368 donatio,
935 2309 1010 2352 vere
1024 2309 1098 2352 ven-

172 2383 259 2462 ditio,
275 2405 351 2448 vers
363 2387 486 2464 solutio,
504 2391 563 2450 eto.
581 2388 662 2466 (telis
684 2386 766 2447 enim
785 2384 893 2446 titulus
915 2403 1009 2446 verus
1030 2383 1096 2446 sine

170 2478 404 2557 praescriptione
425 2480 574 2541 transfert
597 2478 780 2558 dominium)
792 2498 799 2552 3
812 2477 868 2539 scd
886 2477 1002 2540 sufficit
1015 2479 1096 2539 colo-

170 2572 266 2645 retuS,
288 2570 353 2630 sive
371 2589 545 2648 cpperens,
563 2571 615 2651 qui
629 2571 714 2633 boun
728 2571 789 2632 fide
808 2574 936 2650 putetur
947 2569 1094 2648 salidus,

171 2660 313 2740 quamvis
336 2680 355 2721 a
376 2665 464 2740 perte
486 2663 530 2722 rei
557 2664 689 2740 nonsit,
715 2663 815 2743 qualis
838 2663 946 2724 titulus
974 2667 1022 2726 est
1040 2663 1097 2724 do-

170 2753 265 2830 netio,
281 2773 312 2815 v.
326 2773 371 2833 g,
387 2753 543 2832 venditio,
558 2758 631 2832 ete,
644 2755 835 2818 insufficiens
848 2756 973 2836 quidem
989 2775 1098 2818 secun-

169 2845 244 2906 dum
259 2865 303 2924 se,
320 2847 361 2909 ob
377 2847 526 2909 latentem
541 2848 708 2926 defectum,
720 2849 761 2910 sd
775 2849 1027 2912 transferendum
1041 2849 1098 2911 do-

167 2937 299 3000 minium
322 2941 355 3000 in
379 2940 594 3019 donatorium,
625 2945 810 3022 emptorem,
842 2945 915 3020 ete,
939 2942 1096 3004 sufficiens

168 3035 358 3094 tamencum
373 3029 581 3113 usucapione,
601 3035 651 3096 vei
664 3035 868 3114 existimatus,
885 3041 920 3096 ut
941 3035 978 3112 si,
993 3055 1023 3098 v.
1048 3053 1093 3115 g.,

168 3123 269 3186 haeres
284 3125 375 3186 alicui
389 3143 457 3186 rem
468 3126 583 3205 tradet,
597 3129 685 3208 qussi
699 3128 838 3190 debitam
850 3147 888 3188 ex
899 3129 1095 3208 legato,cum

167 3235 278 3279 revere
291 3219 395 3298 legate
412 3221 537 3298 nonsit,
552 3221 601 3283 vel
621 3224 830 3301 praesumptus
844 3225 977 3302 tentum,
994 3221 1019 3282 si
1035 3223 1095 3283 sei-

148 3309 239 3393 ¹lieet
263 3312 303 3374 cb
319 3314 467 3394 temporis
486 3315 723 3376 diuturnitatem
741 3314 946 3376 intervenisse
968 3313 1093 3378 titulum

164 3403 216 3484 jus
226 3407 396 3484 proesumit,
413 3427 485 3469 cum
496 3410 601 3469 temen
613 3409 745 3470 fortasse
759 3408 862 3470 nullus
876 3407 1089 3472 intervenerit.

206 3499 244 3562 Et
267 3498 394 3581 quidem
417 3500 450 3561 in
473 3500 708 3580 prescriptione
728 3499 886 3573 ordinarie
907 3501 991 3581 longi
1012 3508 1093 3565 tem-
