2586 4020
556 297 595 344 uu
617 293 756 343 moruus.
1060 281 1116 343 l35

228 443 263 502 ln
275 440 412 502 realibus
430 459 502 504 vero
517 440 692 503 actionibus
702 439 980 518 sentcntiastatim‚
992 442 1028 502 ut
1039 439 1118 502 eain

190 553 259 596 rem
265 533 450 614 judicatam,
458 537 529 612 post
537 535 647 595 decem
657 534 723 595 dies
732 533 931 612 appellationi
942 550 1117 611 concessos,

189 627 333 704 transiit,
360 627 534 689 executioni
558 627 739 688 mandanda
760 629 818 704 est,
846 629 877 688 et
897 627 943 687 rei
965 627 1119 706 possessio

191 721 299 797 actori,
320 738 377 798 pro
394 739 455 800 quo
472 721 648 800 judicatum
663 724 727 794 est,
745 719 867 795 danda,
884 719 927 780 ita
941 725 976 779 ut
992 719 1032 780 ad
1048 736 1120 778 exe-

191 813 349 876 cutionem
363 832 427 874 non
448 814 602 890 sufficiat,
618 814 752 893 pignora
767 815 889 874 tantum
904 813 979 873 dare
994 830 1050 891 pro
1065 830 1117 888 re,

191 907 232 968 ad
252 925 347 986 quam
365 905 590 968 condemnatus
611 910 668 984 est,
690 906 749 968 uisi
772 905 926 968 restitutio
946 903 1089 986 statimt
1106 939 1120 950 -
1211 929 1213 932 ·

192 995 308 1060 cienda
326 999 527 1077 impossibilis
548 1003 648 1077 esset,
666 1003 722 1060 aut
739 1017 812 1078 pars
826 998 936 1058 victrix
950 1001 1059 1077 sponte
1072 997 1120 1076 pi-

190 1110 301 1172 gnora,
313 1110 348 1152 νς
360 1109 470 1172 g.‚pro
483 1110 528 1169 re,
542 1093 592 1152 vel
603 1092 840 1154 aestimationem
852 1091 909 1168 rei,
923 1094 995 1168 etc„
1009 1090 1119 1152 admit-

191 1187 287 1262 teret,
313 1184 344 1244 in
369 1184 458 1265 cujus
477 1185 618 1246 favorem
641 1185 795 1246 restitutio
814 1175 973 1264 praeccpta
993 1189 1057 1261 est,
1088 1187 1120 1245 et

193 1274 336 1356 cogenda
350 1281 441 1339 esset.
767 1292 768 1298 ’
1081 1347 1085 1356 ,

231 1371 266 1431 Iu
290 1369 393 1432 causis
415 1385 491 1432 vcro
514 1369 729 1432 criminalibus
755 1369 896 1430 executio
922 1369 1028 1430 statim
1053 1369 1122 1430 ficri

142 1535 147 1542 ,
192 1465 306 1544 potest,
321 1463 495 1542 prasertim
510 1463 542 1523 in
564 1463 745 1540 Germania,
761 1462 815 1525 uhi
825 1462 916 1543 juxta
930 1463 1046 1540 stylum
1061 1461 1122 1524 cri·

192 1555 349 1619 miualitcr
372 1556 579 1617 condemnato
608 1573 671 1616 non
699 1555 880 1626 conceditur
905 1554 1121 1634 appellationis

193 1648 378 1714 remedium.
982 1651 983 1654 ’

233 1743 284 1803 IV.
311 1740 359 1800 Aa
379 1739 482 1802 tertios
505 1740 697 1803 interveniens
715 1761 774 1822 pro
796 1761 846 1804 sco
867 1743 1002 1804 interesse
1024 1742 1123 1821 possit

194 1832 347 1913 impedire
364 1833 580 1895 executionem
602 1836 764 1897 sententiae
778 1835 860 1897 inter
874 1835 952 1897 alios
970 1835 1063 1896 latae?
1076 1837 1123 1896 Ex

191 1925 263 2006 jure
276 1925 428 2002 hebetur,
445 1927 550 2006 quod,
567 1927 709 2007 quamvis
724 1932 833 1990 contra
844 1928 1050 2008 principalem
1071 1945 1124 1989 ac-

195 2024 297 2080 torem
310 2019 343 2078 in
358 2017 477 2097 jndicio
488 2021 642 2081 sententia
656 2021 719 2082 lata
734 2021 783 2097 sit,
795 2021 886 2083 tertio
900 2025 1017 2098 tamem
1034 2019 1123 2100 cujus

194 2111 334 2187 interest,
353 2111 405 2190 qui
415 2114 521 2171 tamen
532 2111 651 2192 judicio
666 2113 721 2174 tali
736 2131 800 2174 non
813 2114 964 2192 interfuit,
981 2113 1124 2174 nihilne·
1224 2189 1226 2195 Ι

195 2207 276 2280 ceat,
294 2221 395 2283 neque
409 2203 520 2276 exinde
537 2204 755 2285 praejudicium
770 2206 897 2286 aliquod
910 2207 974 2286 pati
989 2206 1121 2283 debeat,

195 2295 239 2358 ita
260 2299 294 2356 ut
310 2296 468 2374 appellare
482 2297 578 2357 etiem
598 2297 732 2376 possita
749 2298 814 2359 lata
829 2299 1004 2375 sententia,
1022 2317 1124 2378 neque

196 2387 423 2451 executientes
437 2389 580 2450 mandari
595 2389 710 2469 possit,
726 2390 826 2451 donec
840 2392 934 2452 etiam
949 2391 1031 2452 illius
1042 2391 1124 2453 tertii

196 2499 301 2559 causa,
316 2481 368 2561 qui
382 2481 422 2542 ob
436 2500 529 2542 suum
540 2481 701 2561 iuteresse,
717 2487 885 2564 postquam
899 2484 1045 2564 cognovit
1054 2501 1126 2544 sen-

194 2575 324 2636 teutiam
336 2573 418 2634 hanc
429 2575 525 2635 latam
537 2575 642 2653 fuisse,
654 2576 792 2654 legitime
803 2578 982 2658 appellavit,
998 2577 1126 2658 cognita

195 2666 300 2744 fuerit,
315 2683 373 2728 nec
383 2669 536 2746 possessio
551 2668 607 2746 rei,
622 2669 672 2730 vel
680 2669 761 2749 juris
776 2670 834 2750 ipsi
845 2671 971 2748 auferri,
985 2688 1057 2731 cum
1071 2688 1126 2730 ne-

196 2759 273 2822 mini
298 2759 365 2820 sine
393 2778 495 2822 causae
523 2761 699 2842 cognitione
730 2781 788 2824 sua
825 2764 979 2843 possessio
1011 2763 1125 2824 auferri

197 2853 321 2916 debeat.
599 2851 602 2858 '

238 2948 284 3008 Ex
296 2947 410 3028 quibus
425 2948 515 3010 facile
530 2951 633 3027 patet,
648 2966 739 3027 posse
749 2947 876 3010 tertium
890 2959 946 3028 pro
960 2967 1015 3010 suo
1031 2948 1125 3010 iuter-

197 3056 265 3101 esse
280 3040 541 3104 iuterveuientem
562 3041 714 3121 impedire
734 3041 949 3103 executionem
964 3041 1125 3103 sententiae
1187 3089 1188 3092 ,

197 3132 280 3195 iuter
295 3133 371 3194 alios
389 3133 478 3211 lata,
493 3135 538 3197 ita
551 3137 586 3196 ut
600 3137 710 3196 contra
723 3153 812 3196 reum
835 3135 962 3214 quidem
980 3134 1125 3196 condem-

197 3227 308 3286 natum
329 3226 496 3305 injudicio
517 3227 673 3290 sententia
694 3227 870 3288 confirmari
888 3227 1000 3306 possit,
1017 3230 1126 3290 contra

197 3318 327 3380 tertium
340 3320 460 3396 nero‚si
475 3320 702 3383 rationabiliter
712 3321 890 3399 appellavit,
900 3321 1063 3398 infirmari,
1075 3321 1126 3382 vel

198 3413 309 3474 saltem
333 3414 473 3476 executio
488 3414 570 3477 illius
585 3413 733 3494 suspendi
750 3433 756 3474 :
774 3413 917 3493 quamvis
931 3417 1003 3475 ante
1018 3414 1126 3494 appel-

197 3505 347 3568 lationem
362 3506 577 3587 interpositam
599 3505 767 3570 summarie
786 3507 921 3588 probare
939 3507 1052 3570 debeat
1074 3507 1125 3568 hic
