2578 4012
194 223 197 234 '
282 217 285 240 ⁵
363 229 422 288 ,66
443 235 633 291 aranearum
653 226 843 286 nimouseru.
1018 227 1077 292 217

126 463 128 468 Ι
190 386 222 444 2⁰
242 377 414 460 Episoopus
429 380 542 460 aliquis
557 380 738 442 conferebat
755 381 967 444 ordinationes
982 402 1078 464 gena-

148 473 231 534 reles
247 476 282 532 nt
299 471 469 549 plurimum
483 472 515 532 iu
530 473 667 552 quadam
692 474 812 552 eapella
834 474 881 535 sui
901 475 1030 555 palatii,
1047 483 1079 538 et

77 628 81 631 ,
150 565 175 626 si
191 564 316 645 quando
331 564 400 624 illas
413 564 446 624 in
461 564 633 625 cathedrali
649 564 848 643 conferebat,
865 565 898 626 id
912 566 944 626 in
957 569 1079 647 oapella

148 659 270 719 remote
285 662 316 717 et
328 656 482 732 obseura,
501 656 588 717 nulla
601 657 799 735 praecedente
824 657 1076 737 denuntiatione,

149 769 207 812 neo
228 748 347 810 voeatis
362 747 518 827 aliquibus
533 749 689 810 canonicis
703 749 787 826 faoit,
813 753 923 811 eontra
944 752 1078 813 formam

150 860 219 920 cap.
236 845 266 918 8,
281 841 299 918 5
315 838 530 917 Ordinationes,
557 858 635 902 sess.
657 844 707 918 23,
730 840 764 901 de
787 841 857 920 Res.
886 842 964 904 Hine
989 845 1020 905 S.
1042 845 1075 905 G.

151 933 292 995 consulta
314 931 477 1010 respondit
500 932 712 994 ordinationes
746 951 908 995 sacrorum
932 934 1079 996 ordinum

150 1027 183 1086 in
192 1024 363 1086 cathedrali
372 1023 515 1101 eeclesia,
525 1025 643 1086 voeatis
651 1026 922 1106 praesentibusque
930 1027 971 1088 ad
980 1027 1012 1087 id
1021 1029 1078 1088 Ee-

151 1117 253 1181 olesiae
269 1116 426 1177 canonicis
436 1115 561 1195 publico
574 1115 726 1180 celebrari
735 1117 851 1179 debere
871 1119 960 1198 (febr.
973 1119 1076 1198 1688);

151 1214 183 1272 61
201 1210 233 1270 in
248 1209 339 1271 altari
351 1208 464 1289 majori
476 1253 484 1284 ,
498 1207 557 1268 nisi
572 1209 654 1270 adsit
667 1209 861 1271 rationabilis
875 1229 982 1289 eausa,
999 1211 1078 1290 epis-

151 1303 220 1383 eopi
235 1301 363 1363 arbitrio
374 1299 547 1381 judicanda
562 1300 611 1380 (19
626 1300 708 1380 junii
723 1303 824 1380 1728).

159 1446 162 1451 .
190 1399 222 1457 3⁰
242 1392 431 1473 Proponitur
447 1393 577 1453 dubium
588 1411 628 1453 an
640 1393 777 1472 potuerit
791 1394 957 1474 episeopus
968 1396 1078 1476 (11166-

150 1484 319 1563 manensis)
349 1503 532 1547 conseerare
561 1485 742 1565 episcopum
775 1488 1078 1568 (Peraguariensem)

151 1579 366 1641 assistentibus
391 1578 514 1640 duobus
537 1577 695 1640 canonicis
721 1579 841 1658 absque
870 1581 1010 1660 eoquod
1035 1580 1080 1640 illi

151 1671 323 1732 exhibitum
334 1669 429 1731 fuerit
441 1669 537 1731 breve
552 1669 703 1749 pontificii
727 1669 861 1747 indulti,
878 1671 935 1732 sed
956 1672 1015 1733 suh
1042 1689 1078 1733 eo

151 1767 275 1826 tantum
287 1765 441 1841 pretextu
454 1765 486 1822 et
497 1761 729 1841 suppositione,
746 1762 831 1841 quod
845 1781 985 1824 summus
998 1765 1081 1824 Pon-

151 1855 228 1918 tifex
247 1854 333 1916 eiraa
345 1871 512 1914 numerum
532 1853 751 1934 episcoporum
767 1853 876 1914 solitus
893 1853 932 1914 sit
954 1854 1080 1933 dispen-

152 1965 241 2024 sare,
263 1946 388 2026 quando
411 1945 444 2008 in
463 1945 558 2007 ludiia
572 1947 795 2006 consecrantur
809 1943 967 2023 episcopi?
982 1947 1013 2007 S.
1029 1946 1077 2022 (1.,

151 2046 222 2121 post
236 2040 363 2119 longam
378 2037 616 2114 disoussionem,
633 2055 730 2116 quum
745 2041 891 2114 ageretur
905 2035 945 2096 de
958 2054 991 2096 re
1004 2037 1080 2099 satis

153 2131 252 2193 ardua
264 2134 295 2191 et
310 2132 419 2192 mutuo
435 2129 579 2191 eonflietn
594 2129 676 2189 inter
688 2128 864 2190 canonistas
877 2133 908 2189 et
916 2127 1080 2207 theologos

154 2223 293 2302 agitata,
316 2228 350 2283 ut
374 2240 412 2283 ea
426 2238 496 2302 qnae
510 2239 570 2301 pur
582 2224 638 2299 est,
661 2219 840 2282 maturitate
856 2218 959 2282 adhue
979 2220 1080 2300 magis

154 2315 360 2392 examinetur,
377 2313 516 2374 unanimi
532 2330 687 2374 consensu
700 2311 923 2373 resolutionem
938 2312 1081 2373 differen-

154 2408 229 2468 dam
250 2406 429 2468 censuit-
441 2404 681 2485 Puraguariensi
707 2403 750 2486 (in
771 2403 867 2466 lndiis
882 2403 1082 2466 occidentali-

62 2546 65 2551 ·
153 2499 224 2580 bus)
240 2502 254 2561 1
272 2501 350 2580 sept.
368 2501 457 2560 1657.

63 2615 67 2620 ’
194 2596 228 2652 10
249 2594 423 2654 Extraneus
437 2590 601 2670 episeopus
622 2590 662 2653 ad
683 2590 830 2653 ecelesias
849 2594 880 2652 et
898 2609 989 2652 saera
1007 2609 1083 2650 vasa

155 2683 368 2746 eonsecranda
380 2685 412 2744 et
425 2699 594 2761 campanas
608 2683 855 2760 benedicendas,
867 2682 990 2762 aliaque
1003 2700 1083 2762 pon-

156 2775 283 2840 tificalia
296 2775 404 2836 munia
418 2773 563 2836 obeundo
578 2775 722 2836 aeaersiri
738 2774 846 2854 nequit
857 2775 897 2835 ab
909 2768 1081 2852 exemptis,

157 2868 216 2930 nisi
241 2871 420 2948 separatum
443 2865 635 2928 territorium
659 2866 827 2943 habentes,
854 2865 968 2927 nullius
989 2865 1083 2926 etiam
1124 2854 1126 2860 ’

158 2961 300 3023 dioeoesis
315 2978 383 3021 esse
398 2956 642 3036 comperiantur.
662 2957 712 3037 (16
726 2960 806 3035 sept.
823 2956 927 3035 laer.)
985 3003 987 3006 -

196 3058 228 3114 5⁰
249 3053 299 3116 Ad
316 3051 522 3130 petitionem:
545 3067 585 3110 an
605 3048 770 3128 episeopus
794 3049 826 3109 in
847 3047 1029 3112 Monialium
1055 3051 1086 3110 et

159 3146 192 3210 S.
208 3145 355 3207 Oleorum
369 3141 604 3206 consecratione
617 3141 768 3220 podagrae
783 3140 893 3202 morbo
909 3141 1040 3201 effeetus
1055 3144 1086 3202 et

32 3249 35 3252 '
159 3239 200 3300 ad
222 3236 418 3317 operandum
438 3252 566 3314 prorsus
588 3231 754 3310 inhabilis,
780 3250 837 3311 per
850 3231 1004 3292 vicarium
1029 3250 1086 3293 seu

160 3330 327 3411 dignitates
342 3328 470 3390 missam
484 3325 655 3402 celebrari,
668 3324 735 3404 ipse
757 3322 870 3385 sedens
891 3327 922 3385 et
951 3323 1085 3403 legendo

160 3424 293 3488 formam
313 3421 554 3486 consecrationis
569 3417 727 3482 solemniis
745 3435 858 3479 vacare
873 3415 990 3480 liceat?
1004 3418 1036 3480 S.
1049 3419 1082 3478 o.

250 3543 313 3590 rou.
333 3544 373 3584 ur.
965 3524 998 3583 16
