2578 4012
398 235 437 282 no
459 200 650 282 66666666
671 233 862 284 6666661611.
1036 217 1095 280 639

165 385 298 469 proinde
310 383 371 445 boc
383 399 458 444 casu
471 381 609 461 episcopi
618 382 777 448 licentiam
787 399 854 443 esse
867 378 1070 441 obtinendam
1078 397 1093 440 ¹:

167 483 315 542 caeterum
328 476 493 554 episcopus
507 493 570 535 non
585 474 678 536 debet
690 475 778 535 illum
788 475 907 554 absque
917 470 1095 534 rationabili

166 590 262 634 causa
273 571 441 647 denegare.
460 568 489 647 (9
505 566 579 627 maii
594 567 697 645 laed.)
747 595 749 600 ·
792 595 795 605 ·

205 669 237 726 5⁰
259 665 291 726 S.
314 664 411 740 [long.
430 662 477 736 G.,
498 660 710 740 interrogante
725 659 870 740 episcopo
891 657 1036 735 Nicieusi‚
1051 658 1095 719 616

166 755 329 836 respondit
341 774 348 815 ε
362 753 534 817 canonicos
549 771 612 813 uon
625 752 763 832 legitime
776 752 942 832 impeditos
953 753 1095 831 tempore

168 848 420 930 quadragesimae
443 845 632 925 quotidianis
655 845 857 906 concionibus
877 844 1026 906 interesse
1042 842 1097 905 de-

166 943 260 1019 16666,
271 945 301 1002 61
313 939 578 1018 ideoepisccpum
593 938 754 1000 decretum
773 937 867 998 cdere
882 955 973 1016 posse
987 941 1023 998 61
1045 955 1096 998 ca-

167 1033 287 1096 nonicis
296 1031 598 1112 nequaquamliceat
609 1029 759 1109 predicto
767 1031 956 1108 temporeab
966 1029 1097 1091 ecclesia

168 1127 289 1203 abesse,
304 1124 363 1186 nisi
377 1124 418 1184 de
430 1123 527 1203 ipsius
540 1122 678 1184 licentia.
694 1122 742 1202 (18
757 1122 945 1202 6661618.)

207 1221 239 1280 6⁰
261 1215 388 1280 Censuit
399 1217 430 1278 S.
449 1217 670 1294 1166611666
686 1231 777 1294 posse
792 1214 964 1294 capitulum
978 1214 1096 1295 absque

166 1310 294 1372 licentia
316 1308 454 1389 episcopi
478 1308 677 1386 negotiorum
703 1307 922 1386 capitularium
944 1309 1098 1386 praetextu

170 1403 317 1482 cuiquam
342 1419 381 1461 ex
402 1400 626 1479 capitularibus
650 1401 704 1460 aut
726 1399 795 1460 aliis
816 1399 948 1462 addictis
971 1399 1097 1461 servitio

169 1493 256 1556 chori
265 1492 417 1572 impertiri
427 1492 608 1554 facultatem
623 1491 663 1553 ab
677 1492 809 1553 ccclesia
818 1491 1007 1554 abscedendi
1016 1491 1099 1553 ultra

168 1591 292 1667 tempus
318 1603 337 1646 a
360 1583 490 1647 concilio
510 1584 708 1665 permissum.
726 1584 777 1646 Sic
797 1601 872 1646 vero
895 1585 1098 1646 abscedentes

169 1698 233 1741 nou
247 1679 349 1740 solum
363 1677 598 1746 distributiones
607 1676 804 1756 quotidianas
814 1695 878 1738 non
889 1677 967 1738 lueri
981 1678 1095 1753 facere,

169 1772 333 1834 sedetiam
351 1770 514 1849 fructibus,
539 1769 598 1831 nisi
610 1769 779 1846 resideant,
793 1787 861 1831 esse
873 1769 1043 1848 privandos
1058 1768 1099 1828 ad

170 1863 313 1944 ejusdem
336 1862 459 1924 concilii
483 1861 711 1942 prescriptum.
736 1861 823 1941 (Gap.
851 1863 909 1938 m,
935 1879 1011 1923 6666.
1035 1865 1096 1938 14,

171 1959 209 2017 11
230 1955 335 2017 martii
347 1953 450 2034 1610.)

209 2052 244 2110 '1⁰
265 2047 314 2110 Ad
329 2045 580 2111 constituendum
591 2045 1022 2108 servitium9mcnsiumnon
1033 2063 1100 2106 esse

171 2141 364 2220 colligendas
370 2138 677 2220 punctaturas,quasi
683 2137 705 2198 ii
713 2137 766 2218 qui
775 2141 998 2218 novempartes
1004 2157 1100 2218 punc·

170 2236 347 2296 tatarorum
366 2250 405 2293 66
426 2229 612 2308 duodecim,
630 2249 701 2312 666
723 2247 760 2292 ea
774 2230 900 2296 scruto
916 2231 1011 2294 totius
1026 2229 1100 2292 anni

171 2327 358 2401 condantur,
379 2323 585 2387 deserviendo
599 2323 745 2400 tulerint,
761 2322 921 2386 servitiot
945 2323 1100 2384 mensium

170 2418 396 2491 satisfecerint;
419 2417 478 2478 sed
501 2417 585 2495 ipsos
606 2416 674 2477 dies
696 2415 900 2478 residentiam
915 2421 947 2477 61
969 2415 1099 2493 servitii,

171 2511 236 2574 slve
251 2509 526 2586 contaminarint,
539 2507 1100 2589 siveinterpolati,numerandosesse

171 2605 206 2666 ut
219 2603 397 2682 compleant
418 2619 585 2662 numerum
606 2603 761 2664 dictorum
773 2605 792 2664 9
805 2603 970 2664 mensium.
989 2602 1037 2682 (11
1049 2601 1102 2682 ju-

172 2695 215 2756 nii
232 2694 334 2774 1591.)

211 2789 242 2850 8⁰
263 2788 313 2848 Ad
334 2786 490 2848 dubium:
511 2803 552 2846 an
567 2787 734 2850 canonicus
753 2787 892 2850 ecclesiae
912 2786 1101 2849 cathedralis

172 2879 357 2942 concionem
380 2878 500 2939 bahana
523 2878 633 2940 diebus
648 2879 801 2942 adventus
826 2884 857 2942 et
871 2882 936 2942 toto
959 2883 1100 2957 tempore

173 2971 424 3058 quadragesimae
440 2971 479 3031 de
494 2970 642 3032 mandato
657 2971 795 3051 episcopi
807 2975 873 3034 tarn
883 2972 915 3032 16
929 2969 1101 3033 cathedrali

6 3083 7 3090 ¹
128 3079 130 3083 ’
173 3064 311 3143 quamin
326 3063 465 3140 dioecesi,
480 3064 625 3124 teneatur
643 3063 765 3124 solvere
781 3065 996 3142 punctaturas,
1010 3062 1102 3124 sicuti

171 3157 320 3216 tenentur
333 3155 455 3216 solvere
475 3154 618 3216 66666161
632 3173 695 3217 666
709 3159 880 3233 presentes
893 3155 1013 3218 choro?
1027 3157 1104 3216 Res-

172 3246 285 3325 pondit
300 3247 496 3312 assumative.
517 3247 567 3326 (10
581 3250 660 3326 sept.
676 3247 780 3327 1618.)

213 3343 245 3400 9⁰
265 3339 413 3403 canonici
425 3341 566 3403 ecclesia
588 3339 776 3402 cathedralis
788 3340 873 3404 exire
888 3359 951 3404 non
965 3340 1102 3404 valente

102 3425 106 3437 '
173 3429 271 3498 ebore
295 3437 465 3514 antequam
488 3451 579 3497 sacra
602 3431 822 3515 absolvantur,
839 3433 898 3496 nisi
915 3453 973 3518 per
986 3434 1103 3500 saluta·
