2586 4020
522 310 567 378 ,nr
588 309 724 358 romans.
1061 300 1098 359 97
1148 325 1156 341 x

170 461 280 521 rentur
294 455 545 536 praesumptionis
557 476 685 532 nomen3
703 456 758 517 sed
766 455 871 535 potius
884 454 946 518 dioi
957 457 1050 520 dehet
1062 475 1100 520 ex

170 553 292 615 levibus
306 549 427 611 iudiciis
441 554 510 612 orta
524 551 659 632 suspicio
674 549 750 611 satis
764 549 942 612 temeraria.

210 645 374 724 Praecipua
387 644 640 724 praesumptionis
661 642 771 704 divisio
784 649 846 720 est,
868 644 953 723 quod
977 644 1038 706 alie
1061 645 1101 708 sit

171 739 306 816 hominis,
326 737 387 797 alia
403 736 486 816 jurae
500 736 714 816 praesumptio.
735 736 792 796 Illa
808 754 846 796 ex
868 736 963 800 variis
978 737 1101 800 indiciis

171 835 203 894 et
214 831 402 913 oonjeeturis
413 831 566 892 formatur
580 830 619 891 ab
630 829 767 906 homine,
782 847 837 890 seu
847 828 969 910 judiee3
987 831 1055 893 haee
1067 831 1099 892 in

170 926 239 1005 lege
252 941 399 1003 expressa
409 925 472 996 est;
488 923 542 984 illa
550 923 670 984 tollitur
679 922 934 1001 peroontrariom
943 924 1099 1002 probatio-

171 1037 254 1094 nem,
270 1017 338 1078 haeo
352 1014 471 1078 tollitur
488 1014 616 1095 quidem
631 1015 725 1078 etiam
739 1033 796 1093 per
815 1015 1006 1078 eontrarium
1027 1034 1100 1098 pro-

170 1111 340 1187 bationem,
355 1109 378 1170 si
391 1108 472 1188 juris
484 1111 607 1170 tentum
620 1107 669 1186 sit,
695 1108 769 1189 quia
784 1127 853 1188 quae
871 1127 890 1170 a
909 1108 1100 1188 probationi-

169 1205 229 1276 bus
243 1202 387 1282 provenit
400 1201 489 1278 fidae,
500 1202 600 1280 magis
618 1206 705 1264 corta
720 1205 776 1278 est,
790 1221 885 1282 quam
897 1203 1099 1282 praesumptio

167 1296 247 1378 juris
264 1314 270 1356 :
288 1295 428 1356 siautem
443 1293 568 1374 sitjuris
581 1298 612 1357 et
626 1295 748 1376 dejure
764 1295 966 1374 praesumptio
984 1341 992 1372 ,
1009 1295 1101 1356 itaut

170 1409 234 1452 nou
253 1391 375 1450 tantum
388 1388 439 1448 lex
449 1387 683 1467 itapraesumat‚
694 1387 749 1448 sed
759 1387 973 1465 dependenter
985 1388 1024 1448 ab
1040 1387 1099 1449 hae

170 1481 411 1562 praesumptione
426 1479 503 1541 certi
515 1479 633 1560 aliquid
643 1483 760 1542 statuat
773 1498 869 1558 super
882 1483 1074 1560 praesumpto
1089 1527 1097 1558 ,

172 1579 203 1638 et
216 1575 260 1636 sic
270 1574 346 1635 velit
352 1573 461 1635 haberi
475 1572 535 1634 hoo
548 1573 754 1653 preveritate‚
769 1573 894 1636 nullaiu
908 1573 1099 1636 eontrarium

172 1667 346 1730 admittitur
360 1665 503 1745 probatio
516 1665 585 1745 (neo
599 1667 847 1745 {appellatiomeo
858 1666 1097 1747 juramentum),

172 1761 229 1823 nisi
240 1763 348 1839 aperte
359 1761 480 1821 constet
494 1759 533 1820 de
551 1758 691 1836 veritate,
708 1777 778 1840 quae
791 1759 866 1820 iaoit
880 1778 1006 1822 omnem
1019 1777 1102 1838 prae-

172 1853 381 1932 sumptionem
390 1869 512 1913 cessare
524 1871 532 1926 ;
545 1851 595 1913 vel
602 1850 660 1912 nisi
669 1851 982 1932 confessiojudioielis
992 1855 1102 1914 eontra

171 1947 267 2010 talem
283 1943 558 2024 praesumptionem
571 1946 701 2024 pugnet,
710 1944 805 2006 modo
815 1944 855 2006 sit
862 1944 901 2004 de
911 1944 1005 2020 facto,
1016 1943 1100 2023 quod

172 2040 204 2100 iu
216 2037 298 2099 illius
310 2039 465 2117 potestate
484 2039 547 2113 est,
564 2040 674 2099 eontra
688 2055 782 2117 quem
796 2042 914 2117 pugnet
928 2054 1102 2117 praesump-

172 2132 216 2195 tio
228 2152 235 2206 ;
248 2131 297 2193 vel
310 2133 433 2193 tantum
445 2129 485 2192 sit
498 2129 768 2210 indirectaoontre
777 2130 873 2192 talem
885 2129 1102 2210 praesumptio-

173 2244 246 2286 nem
258 2223 401 2304 probatio
418 2269 426 2300 ,
442 2229 498 2284 ant
515 2241 572 2302 pro
597 2223 781 2302 probatione
802 2223 856 2284 nui
877 2221 954 2283 nihil
973 2242 993 2282 a
1013 2227 1102 2300 parte

174 2317 330 2381 contraria
342 2319 536 2396 opponatur,
554 2334 626 2376 eum
640 2315 673 2378 iu
684 2315 739 2377 teli
755 2333 829 2376 casu
850 2315 995 2376 videatur
1008 2314 1102 2376 taeite

100 2487 102 2489 ¹
173 2409 349 2474 consentire
363 2409 395 2470 in
413 2408 585 2471 tollendam
599 2407 892 2489 praesumptionem,
914 2407 939 2468 si
959 2411 1065 2468 tamen
1085 2423 1104 2467 a

173 2504 333 2566 voluntate
347 2501 444 2582 partis
458 2501 635 2580 dependeat
656 2502 709 2564 illa
726 2501 766 2563 de
782 2520 845 2582 qua
855 2500 935 2582 juris
951 2504 998 2564 est
1015 2504 1046 2563 et
1060 2500 1099 2562 de

170 2596 242 2677 jure
257 2595 470 2674 praesumptio.

214 2691 321 2752 Potest
333 2692 437 2749 autem
450 2687 664 2766 dependenter
681 2707 700 2749 a
720 2689 964 2773 praesumptione
973 2687 1053 2771 juris
1073 2692 1104 2751 et

175 2781 214 2843 de
223 2781 306 2863 jure,
319 2780 415 2843 immo
424 2781 504 2862 juris
515 2784 638 2844 tantum
652 2783 726 2843 ferri
737 2782 868 2861 aiudiee
883 2782 1037 2844 sententia
1052 2782 1104 2842 da·

58 2947 60 2950 ¹
175 2873 296 2936 finitiva
306 2893 378 2935 cum
387 2876 553 2935 censeatur
566 2875 669 2952 plana,
686 2875 836 2953 perfecta,
855 2878 886 2936 et
900 2874 1019 2953 liquida
1032 2891 1105 2952 pro·

175 2967 272 3044 tatio,
288 2965 383 3029 modo
398 2986 454 3046 per
478 2967 667 3029 contrariam
690 2967 908 3047 probationem
928 2984 991 3026 non
1011 2965 1105 3028 fuerit

175 3059 362 3139 improbata.
375 3062 486 3122 Utrum
499 3062 604 3121 eutem
616 3059 690 3119 ferri
703 3060 802 3138 possit
811 3059 976 3135 sententia,
987 3058 1105 3138 depen-

176 3152 288 3214 denter
301 3171 321 3213 a
332 3153 399 3214 sola
414 3151 657 3231 presumptione
675 3151 821 3230 hominis,
840 3151 957 3233 judicis
976 3150 1104 3213 arbitrio

176 3245 373 3326 relinquitur,
386 3245 432 3307 uti
447 3263 521 3306 mox
536 3245 668 3308 dicetur.

203 3337 1112 3419 Devariiscausis,indioiz'sseuoonjertnris,exquibusoriun-.

173 3438 237 3510 tor,
254 3451 291 3500 ao
307 3433 514 3495 desumuntur
526 3431 798 3512 praesumptionen,
807 3435 838 3494 et
848 3451 943 3513 quam
952 3434 1016 3496 vim
1032 3453 1106 3516 pro-

174 3525 479 3600 bationeshabeant.
500 3527 545 3594 Ex
557 3524 737 3608 vehementi
747 3528 778 3594 et
789 3525 925 3615 yiolenta
935 3545 1106 3612 praesump7

246 3633 328 3692 ’τοι
345 3649 383 3694 ru.
926 3701 928 3706 ¹
984 3636 999 3702 t
