2584 4022
166 245 207 308 50
365 255 592 306 INSTITUTIONES
612 257 696 306 Jurls
716 258 872 306 cesorum.

166 418 392 482 nonnunquam
408 399 582 482 acquiritur
600 402 667 466 solo
684 403 810 480 auimo,
827 405 899 464 ante
919 401 1097 483 apprehen-

166 495 289 557 sionem
311 495 369 572 rei,
394 515 425 558 v.
450 513 505 575 g.:
523 495 678 574 possessio
701 514 776 562 vero
800 496 865 558 solo
890 495 1005 572 animo,
1030 495 1097 556 sine

165 588 251 652 omni
265 587 514 668 apprehensione
527 607 604 650 vera
615 589 665 650 vel
674 589 758 666 tiata,
771 589 891 668 acquiri
901 606 964 650 non
975 590 1093 668 potest;

167 682 354 744 econtrario
369 699 444 743 vero
468 681 535 742 scio
557 681 662 744 auimo
680 681 832 743 amittitur
847 681 1018 760 possessio,
1035 699 1097 742 non

168 777 273 836 autem
287 774 471 838 dominium.
488 774 604 852 Tertio,
620 775 775 854 possessio
792 775 982 854 expluribus
997 773 1098 835 causis

167 867 277 930 heberi
296 870 408 945 potest,
421 865 595 930 dominium
608 886 683 930 vero
697 886 759 930 uon
773 867 832 928 nisi
849 885 887 928 ex
901 885 964 928 una
979 865 1100 947 acquiri

167 961 280 1039 potest.
307 961 435 1036 Quarto,
454 963 557 1038 potest
570 960 638 1021 ficri
657 963 692 1022 nt
715 979 772 1039 per
797 961 999 1022 traditionem
1028 977 1099 1020 cum

165 1052 250 1134 justo
263 1052 354 1114 titulo
369 1052 553 1132 acquiratur
571 1052 617 1112 rei
632 1052 817 1130 dominium,
834 1070 895 1114 non
910 1057 1016 1115 autom
1030 1070 1099 1130 pos-

169 1144 277 1222 sessio,
293 1144 319 1205 si
339 1144 420 1207 alter
431 1144 552 1206 scilicet
564 1162 632 1207 rem
645 1146 742 1224 illem,
760 1146 902 1226 quamvis
916 1145 1030 1226 injuste
1045 1145 1101 1206 de-

168 1238 279 1315 tineat,
294 1239 356 1300 etc.

209 1329 382 1396 Commoda
395 1333 520 1406 autem,
541 1349 596 1394 seu
609 1329 774 1411 privilegia
788 1329 992 1411 possessionis
1006 1329 1101 1392 etiam

170 1424 263 1505 plora
277 1427 359 1487 sant.
377 1423 494 1502 Primo,
508 1424 594 1503 quod
612 1442 774 1503 possessor
787 1424 878 1486 bonae
892 1423 976 1500 fidei,
1000 1423 1025 1484 si
1041 1423 1103 1483 elia

171 1517 347 1580 necessaria
370 1516 597 1596 praescriptioni
623 1518 785 1594 accedant,
808 1516 991 1597 praescribat
1015 1533 1098 1593 rem,

171 1627 267 1692 quam
282 1608 432 1689 possidet.
455 1608 615 1686 Secundo,
632 1609 716 1689 quod
730 1609 763 1670 in
779 1610 874 1672 dubio
890 1629 965 1671 num
979 1628 1029 1672 res
1044 1627 1101 1670 sua

171 1704 255 1765 facta
272 1702 322 1779 sit,
340 1719 398 1763 nec
413 1719 469 1779 ne,
493 1701 519 1763 si
534 1701 664 1763 dubium
684 1703 748 1765 tale
766 1701 1009 1783 praescriptionis
1022 1706 1102 1764 tem-

172 1814 248 1876 pore
264 1798 424 1873 occurrat,
444 1793 558 1874 juvare
581 1813 614 1856 sc
633 1795 731 1876 possit
754 1785 794 1856 ad
817 1813 885 1856 rem
905 1795 1102 1856 retinendam

171 1888 261 1951 titulo
275 1887 489 1966 possessionis.
508 1887 630 1965 Tertio,
654 1889 740 1968 quod
751 1887 804 1968 jus
818 1888 934 1951 haheat
953 1887 1103 1948 adminis-

172 1981 325 2057 trationis,
349 1981 456 2042 sirem
474 1980 634 2042 bonafide
649 1980 797 2059 possidet.
821 1983 956 2058 Quarto,
974 1981 1100 2056 sirem,
1138 2033 1142 2038 .
1197 2009 1200 2014 Δ

172 2091 267 2155 quam
281 2074 365 2135 bone
377 2073 440 2134 fide
452 2073 645 2152 possederat,
658 2073 815 2134 bonafide
831 2073 1050 2152 absumpserit,
1062 2072 1102 2133 ad

173 2167 243 2246 plus
253 2184 320 2234 nou,
329 2168 454 2229 tenetur
463 2165 710 2243 restituendum,
723 2185 818 2246 qnam
832 2165 905 2226 inde
919 2165 1105 2247 locupletior

173 2260 273 2322 factus
287 2262 344 2321 est.
362 2259 487 2336 Quinto,
500 2276 565 2321 uon
580 2263 725 2322 censetur
738 2261 883 2338 princeps
894 2259 970 2320 dare
980 2258 1104 2338 privile-

173 2352 270 2432 gium,
286 2356 340 2414 aut
352 2352 541 2415 heneficium
555 2372 627 2415 com
642 2352 826 2434 praejudicio
839 2352 966 2414 alterius
979 2350 1012 2412 in
1034 2369 1104 2429 pos-

174 2446 312 2506 sessione
327 2445 496 2507 existentis.
1105 2513 1108 2520 ,

213 2536 251 2597 Π.
273 2533 381 2607 Quibus
389 2536 482 2594 modas
491 2536 645 2614 possessio
656 2535 846 2614 acquiratur,
858 2537 907 2596 vel
921 2535 1105 2596 amittatur?

173 2631 290 2688 Rerum
299 2625 510 2704 corporalium
520 2626 674 2704 possessio
686 2626 857 2704 acquiritur
865 2645 922 2705 per
930 2626 1104 2704 apprehen·

175 2718 295 2780 sionem
316 2717 386 2779 talis
405 2717 451 2778 rei
476 2735 593 2795 veram,
611 2718 661 2779 vel
675 2720 797 2792 tiotam3
815 2719 860 2779 ita
881 2723 986 2780 tamen
999 2721 1035 2778 ut
1049 2735 1105 2777 ne·

175 2811 347 2874 cessarium
370 2829 432 2872 uon
464 2811 519 2888 sit,
547 2811 720 2890 quamlibet
741 2814 864 2890 partem
886 2811 932 2882 rei
956 2810 1102 2890 alicujus,

176 2906 281 2984 plures
297 2906 403 2984 partes
416 2903 598 2986 conjunctas
612 2905 783 2982 habentes,
799 2904 1050 2985 apprehendere,
1071 2906 1106 2965 ut

176 3017 252 3058 vera
263 2998 304 3060 sit
313 2997 532 3077 apprehensio,
547 2997 602 3059 sed
611 2999 747 3081 sufficiat
758 3017 903 3076 unam,v.
911 3018 972 3078 gn,
983 3001 1106 3077 partem

177 3091 304 3167 domus,
321 3092 426 3154 animo
449 3090 645 3170 possidendi,
662 3095 761 3153 totam
779 3091 909 3154 domum
929 3091 1106 3170 ingressum

177 3183 291 3256 fuisse;
307 3184 338 3244 et
350 3186 424 3246 ficta
439 3183 646 3264 apprehensio
662 3185 729 3245 fieri
742 3185 840 3264 possit
851 3204 909 3265 per
920 3185 1026 3246 varios
1040 3201 1106 3244 mo-

178 3275 254 3352 dos,
276 3275 329 3356 qui
344 3277 446 3356 ajure
462 3278 690 3358 approbantur,
706 3276 758 3357 qui
771 3296 790 3339 e
801 3277 941 3340 civilistis
957 3277 1021 3356 peti
1034 3295 1107 3357 pos-

178 3373 260 3431 sunt.
274 3371 390 3430 Rerum
399 3370 643 3449 incorporalium
654 3372 808 3451 possessio
823 3371 995 3452 acquiritur
1004 3372 1105 3450 primo

178 3481 235 3542 per
249 3460 431 3526 exercitium
443 3463 514 3526 talis
525 3463 625 3544 juris,
642 3464 759 3529 sciente
778 3469 808 3529 et
826 3467 964 3546 pacate
977 3465 1105 3546 antiquo
