2578 4012
215 271 275 334 216
424 275 653 328 rssururrouss
673 276 756 325 sums
778 273 932 323 carorum.

215 429 276 491 Rit.
298 425 479 507 respondit.
473 445 479 458 ·
496 422 668 503 Episcopus
688 419 815 482 omnino
836 419 1012 496 abstineat,
1032 422 1127 498 quate
1127 454 1146 465 -

214 542 273 584 nus
285 540 349 582 non
359 522 457 599 possi
444 520 591 579 tservata
611 515 713 575 forma
734 513 775 574 ad
797 511 1016 590 praescriptum
1038 513 1146 573 rubri-

215 631 323 677 ccrum
336 610 515 692 hujusmodi
530 608 580 669 vel
594 606 707 667 similia
721 605 861 683 implero.
881 604 910 683 (2
921 603 991 684 julii
1007 604 1110 683 1661.)

252 711 284 770 60
304 705 493 785 Episcopum
504 698 742 764 dioecesanum
734 717 766 757 ιιι
778 716 830 757 soc
841 716 888 756 ecc
890 697 959 757 lesio
980 695 1149 760 cattedrale

213 797 390 862 etdioecesi
382 816 413 857 m
428 792 713 857 consecrationibus
724 789 776 851 et
768 808 800 849 ru
816 789 961 850 omnibns
977 790 1144 852 611161666-

211 892 394 954 tronrbuse
407 889 529 950 actibus
553 883 782 965 pontificalibus
803 882 1004 959 exercendis,
1028 883 1143 961 praefe-

212 983 345 1044 rendum
361 999 428 1042 csse
441 978 586 1042 omnibns
601 975 670 1037 aliis
684 973 927 1052 archiepiscopis
943 977 974 1034 6ι
985 973 1142 1053 episcopis

213 1076 307 1137 etiam
319 1072 515 1155 promotione
527 1070 594 1149 ipso
608 1069 784 1129 dioecesano
796 1066 1013 1143 anterioribus,
1026 1071 1141 1128 metro-

212 1168 348 1247 politano
364 1164 490 1246 proprio
505 1166 627 1225 tantum
642 1161 785 1237 excepto;
803 1157 963 1220 licetalias
973 1160 1139 1238 episcopus

212 1261 408 1322 dioecesanus
421 1260 565 1319 teneatur
579 1253 742 1333 episcopos
757 1251 896 1312 advenas
910 1253 941 1312 6ι
953 1252 1138 1331 peregrinos

210 1353 243 1413 in
257 1371 315 1414 sua
329 1350 457 1413 dioecesi
471 1349 626 1409 bonorare
641 1347 673 1406 et
685 1363 723 1405 ex
736 1342 913 1405 urbanitate
934 1342 1095 1405 dexteram
1107 1348 1140 1406 et

210 1446 315 1506 locum
331 1442 506 1523 digniorem
519 1439 563 1500 eis
573 1439 696 1500 cedere.
715 1436 765 1515 (10
775 1435 842 1516 jan.
861 1435 963 1516 1669.)

251 1541 283 1597 '1⁰
304 1534 393 1596 Circa
413 1530 658 1611 praecedentiam
680 1529 761 1589 inter
784 1527 946 1607 episcopos
970 1527 1055 1588 nulla
1076 1529 1138 1589 alia

211 1627 292 1688 ratio
308 1629 355 1686 est
370 1623 517 1685 habenda
530 1622 588 1682 nisi
603 1619 753 1699 temporis
768 1619 926 1681 electionis
941 1639 996 1680 scu
1011 1639 1138 1699 promo-

209 1718 302 1780 tionis
326 1717 367 1777 ad
389 1715 622 1794 episcopatum,
645 1713 689 1773 ita
714 1715 748 1773 ut
768 1712 822 1791 qui
838 1712 925 1790 prius
949 1713 1066 1775 electus
1081 1732 1137 1774 seu

210 1812 372 1889 promotus
384 1811 416 1870 et
430 1826 448 1867 a
463 1809 495 1870 S.
510 1805 659 1868 Pontifioe
673 1805 705 1864 in
718 1804 901 1865 consistorio
915 1805 1093 1886 propositus
1105 1810 1137 1869 et

211 1901 413 1964 confirmatus
429 1899 484 1978 sit,
502 1898 615 1959 debeat
630 1896 718 1958 alteri
736 1895 962 1976 cujuscumque
977 1898 1137 1977 dignitatis

210 1994 260 2056 vel
275 1993 431 2074 qualitatis
443 1995 552 2070 postea
571 1990 687 2066 electo,
704 1989 864 2068 proposito
883 1993 913 2051 ct
929 1992 1133 2068 confirmato,

210 2086 399 2165 praecedere.
412 2085 456 2164 (S.
465 2086 498 2146 C.
511 2084 572 2144 Rit.
583 2085 721 2144 tl'mart.
734 2081 836 2160 1609.)
845 2082 1079 2144 Attendendum
1090 2087 1139 2146 ast

211 2177 252 2239 od
265 2181 390 2258 tempus
399 2175 610 2258 promotionis,
635 2191 698 2234 non
717 2176 822 2235 autem
837 2174 878 2234 ad
901 2177 1025 2254 tempus
1040 2194 1138 2236 66666-

210 2271 360 2333 creticcis.
385 2269 435 2348 (20
448 2287 520 2330 nov.
546 2265 649 2344 1671.)
671 2265 720 2327 Ad
742 2265 1012 2346 archiepiscopum
1027 2268 1071 2329 uti
1087 2286 1136 2328 ar—

211 2363 444 2443 chiepiscopum
475 2359 652 2440 majoritate
682 2358 799 2437 gradus
830 2376 926 2437 supra
954 2359 1136 2440 episcopum

209 2455 420 2533 praeccdcntia
440 2454 571 2529 spectat.
590 2449 678 2530 (uad.
693 2452 727 2512 C.
742 2453 780 2512 19
794 2450 861 2530 jan.
879 2451 981 2530 1666.)

249 2545 491 2622 Archiepiscopo
516 2544 559 2624 (et
584 2543 752 2623 episcopo:
779 2546 816 2605 13
830 2543 892 2623 jul.
910 2544 999 2623 1668)
1016 2545 1135 2607 titulari

170 2642 173 2647 '
210 2654 298 2716 saque
314 2654 350 2698 ac
365 2636 404 2696 de
420 2634 589 2697 residentia
603 2635 745 2713 praelatio
757 2638 789 2697 et
801 2634 952 2716 obsequia
966 2637 1131 2701 debentur.

210 2731 239 2811 (1
258 2727 318 2791 dec.
334 2728 436 2809 1657.)

248 2826 279 2886 8⁰
301 2823 431 2886 Ratione
457 2820 653 2900 episcopatus
675 2819 839 2898 episcopus
860 2824 1014 2900 potestat
1039 2823 1135 2887 debet

208 2916 253 2978 uti
268 2916 378 2977 habitu
398 2913 572 2990 ordinario,
595 2931 657 2992 quo
680 2916 811 2974 utuntur
830 2914 967 2994 episcopi
989 2915 1021 2976 in
1046 2917 1134 2979 curia

208 3027 357 3085 romana,
378 3007 412 3068 id
438 3009 485 3068 est
508 3005 648 3067 rochetto
664 3024 760 3084 supra
774 3005 942 3067 subtanam
957 3011 988 3068 et
1002 3009 1134 3070 montol-

207 3104 269 3163 lcto
292 3098 424 3162 violacei
445 3097 573 3174 coloris,
604 3100 635 3158 61
659 3097 754 3158 debet
781 3099 960 3175 praecedere
988 3100 1134 3163 omnibus

207 3194 275 3256 aliis
289 3190 447 3254 canonicis
461 3189 602 3270 ejusdem
622 3189 779 3264 ecclesiae,
804 3191 836 3249 et
855 3191 964 3252 sedere
983 3193 1015 3252 in
1029 3194 1132 3271 primo

206 3285 296 3345 stallo
311 3303 407 3364 supra
421 3299 548 3360 omncs,
564 3286 599 3343 ut
620 3283 656 3342 fit
679 3283 710 3340 et
731 3283 874 3342 servatur
894 3285 1021 3362 Romae,
1038 3285 1134 3346 simili

206 3393 281 3436 casu
304 3376 489 3454 eveniente,
521 3374 553 3436 in
575 3373 675 3436 tribus
703 3371 841 3438 ecclesiis
867 3375 1131 3454 patriarchalibus

206 3467 238 3532 S.
249 3465 389 3544 loannis,
402 3468 433 3532 S.
444 3466 528 3530 Petri
540 3469 571 3528 at
583 3466 615 3528 S.
630 3462 736 3526 Marica
746 3463 883 3549 Majoris.
896 3467 945 3548 (16
956 3467 1014 3552 jul.
1025 3469 1129 3556 1611.)
