2584 4022
563 317 602 365 nn
623 317 762 368 ruamus.
1086 311 1126 371 ll

196 469 306 531 contra
317 468 456 528 actorem
468 463 669 544 spoliatorem
684 465 833 544 egentem
846 480 941 544 super
952 465 1065 546 spolio,
1081 465 1127 529 vi·

197 561 301 622 cissim
336 559 556 639 spoliationem
586 557 733 638 objiciat,
770 557 1025 637 distinguendum
1059 578 1127 622 esse

196 657 301 716 utrum
312 651 442 733 quaestio
456 649 648 729 spoliationis
658 667 716 728 per
727 650 857 711 medum
868 651 999 712 aetionis
1011 670 1127 732 propo-

197 747 256 808 sita
269 746 373 821 luerit,
389 744 429 804 ad
443 742 671 806 restitutionem
680 742 864 824 petendam,
881 744 931 804 vel
941 746 1047 806 utrum
1056 763 1126 824 pro-

197 840 299 920 posita
308 839 403 898 ¹fuerit
416 855 474 916 per
488 836 617 898 modum
635 835 843 915 exceptionis,
866 836 908 899 ad
921 835 1125 900 intentionem

199 929 368 994 adversarii
380 929 606 1008 repellendam.
722 932 724 936 ‘

237 1024 327 1086 Prius
342 1023 366 1084 si
381 1024 445 1100 fiat,
461 1023 672 1082 censebuntur
683 1024 801 1084 mutuae
812 1021 962 1100 actiones,
979 1022 1045 1085 sive
1055 1040 1127 1084 con-

198 1117 301 1179 ventio
322 1115 593 1190 etreeonventio,
620 1119 652 1174 et
679 1112 769 1194 juxta
791 1113 921 1176 modum
946 1118 1128 1178 mutuarum

198 1210 308 1272 talium
321 1208 506 1287 petitionum
519 1207 638 1286 pariter
650 1207 833 1286 tractanda,
851 1215 882 1270 et
898 1227 961 1269 una
973 1209 1129 1272 sententia

199 1301 404 1364 terminandae
415 1303 504 1373 suut3
520 1299 678 1362 itatamen
695 1300 772 1361 utin
788 1302 994 1363 conventione
1004 1319 1129 1381 semper

199 1395 338 1474 priorem
349 1393 454 1454 locum
466 1392 582 1454 hebeat
596 1393 810 1454 conventionis
830 1409 939 1471 cause,
955 1410 1025 1474 qua
1042 1393 1129 1472 prius
1173 1448 1174 1452 ,

199 1488 233 1548 in
243 1485 397 1568 judicium
412 1485 548 1546 deducta
567 1484 641 1559 fuit3
663 1485 689 1546 si
706 1503 781 1548 vero
801 1504 858 1564 per
872 1486 1002 1547 modum
1016 1503 1129 1564 exeep-

199 1580 293 1642 tionis
306 1581 483 1658 opponatur
493 1577 637 1657 spoliatio
652 1577 692 1638 ad
706 1577 957 1658 impediendum,
974 1579 1025 1641 vel
1041 1577 1129 1640 dille-

201 1672 335 1734 rendum
347 1689 529 1750 processum
536 1669 750 1750 judiciarium,
766 1670 866 1732 donec
877 1670 1031 1733 restitutio
1047 1669 1130 1732 iacta

201 1766 252 1843 sit,
263 1764 351 1844 prius
364 1764 402 1824 de
414 1763 595 1842 exceptione
605 1763 706 1842 spolii,
715 1763 800 1826 velut
812 1764 851 1824 de
864 1763 1130 1842 dilatoriaexcep-

200 1859 306 1935 tione,
323 1874 419 1937 quem
433 1856 472 1916 de
494 1874 590 1917 cause
604 1856 768 1934 principali
790 1855 1043 1936 cognoscendum
1061 1861 1127 1932 est,

203 1971 275 2012 oum
288 1967 360 2012 reus
371 1950 402 2010 in
419 1949 473 2009 tali
487 1967 560 2010 casu
573 1967 636 2010 nou
647 1951 792 2010 teneatur
804 1949 902 2011 actori
917 1947 1126 2028 respondere,

202 2044 385 2124 priusquam
400 2041 553 2103 restitutio
573 2042 657 2104 facta
671 2041 720 2102 sit.
738 2043 776 2105 nt
797 2043 940 2123 quamvis
954 2047 1042 2104 actor
1056 2061 1131 2104 con-

203 2137 347 2198 demnari
360 2153 423 2198 non
443 2135 542 2214 possit
566 2134 606 2214 ad
627 2133 769 2196 absolute
792 2135 1037 2213 restituendum,
1059 2153 1130 2197 cum

204 2229 344 2309 exceptio
361 2247 422 2290 non
437 2226 547 2288 fiatad
568 2227 800 2304 impetrandam
814 2228 1058 2303 restitutionem,
1074 2226 1131 2287 sed

204 2323 244 2384 ad
259 2321 486 2384 excludendam
498 2322 621 2381 tantum
635 2319 749 2380 actoris
764 2320 963 2396 petitionem,
983 2319 1132 2380 condem-

204 2416 271 2476 neri
286 2418 391 2478 tamen
410 2417 513 2493 potest
526 2410 566 2471 ad
580 2410 808 2474 restitutionem
821 2410 881 2472 suh
892 2409 1088 2488 conditione,
1104 2410 1130 2472 si

177 2537 180 2543 ·
204 2508 322 2572 scilicet
334 2507 464 2569 ulterius
477 2523 571 2585 egere
584 2503 668 2565 velit.

245 2602 324 2664 Sunt
337 2604 442 2662 tamen
458 2599 553 2660 etiem
566 2598 671 2677 plures
687 2615 792 2676 casus,
809 2597 841 2659 iu
863 2597 976 2679 quibus
990 2597 1131 2678 exceptio

205 2693 396 2773 spoliationis
411 2695 522 2754 contre
544 2691 745 2771 spoliatorem
761 2693 878 2772 opponi
891 2710 953 2753 non
972 2695 1089 2770 potest,
1106 2689 1132 2751 si

205 2786 321 2848 scilieet
335 2784 509 2865 periculum
528 2785 567 2845 sit
581 2784 613 2844 in
629 2803 729 2863 mora,
751 2785 778 2845 si
790 2785 920 2865 praecise
935 2784 1073 2845 officium
1083 2782 1133 2862 ju-

206 2880 282 2940 dicis
296 2879 496 2958 imploretur;
516 2877 541 2938 si
555 2878 704 2957 spoliatus
724 2877 929 2940 convenietur
947 2895 986 2936 ex
1003 2873 1133 2954 promis-

205 2974 292 3034 sione
309 2971 488 3051 juramento
506 2971 647 3044 firmata,
673 2969 704 3029 in
726 2988 822 3031 cause
842 2966 1080 3042 matrimoniali,
1103 2967 1134 3026 et

206 3064 273 3126 aliis
287 3063 514 3144 spiritualibus;
530 3062 555 3123 si
569 3063 687 3122 factum
702 3062 741 3122 sit
756 3063 924 3137 notorium,
941 3063 1000 3120 etc.

244 3159 295 3221 111.
320 3161 379 3234 An,
397 3159 428 3218 et
442 3176 504 3237 qua
517 3154 649 3231 ratione,
663 3152 687 3214 si
703 3152 864 3232 injudicio
877 3150 996 3212 incidat
1014 3151 1134 3232 questio

198 3329 199 3332 Ἴ
200 3249 417 3333 prejudiciale
429 3250 488 3329 ipsi
504 3266 605 3310 censes
616 3245 790 3326 principali,
808 3243 894 3324 prius
909 3242 948 3305 de
963 3261 1069 3322 cause,
1079 3263 1135 3307 seu

207 3345 378 3426 quaestione
389 3342 546 3404 incidente
556 3339 815 3421 cognoscendum·
822 3337 872 3416 sit,
886 3355 981 3418 quam
991 3337 1030 3399 de
1041 3355 1137 3401 cause

207 3437 393 3518 principali?
408 3437 440 3499 Si
453 3436 485 3497 in
497 3453 592 3496 causa
603 3434 644 3495 ed
650 3432 791 3513 judicem
801 3432 986 3494 seeculerem
1001 3430 1137 3492 deducta

208 3531 338 3612 quaestio
354 3529 481 3608 incidat,
492 3547 562 3610 quae
578 3526 705 3607 quidem
720 3526 761 3590 ad
774 3525 878 3590 torum
890 3523 1136 3590 ecclesiasticum
