2586 4020
414 336 453 384 on
474 334 614 386 1111111111
634 335 914 386 ructarensrerr.
1068 324 1126 385 173

234 483 297 547 Sed
309 480 437 546 alterius
450 479 575 560 generis
588 480 757 561 appellatio
768 499 841 542 eum
850 481 892 544 sit
903 482 942 544 de
952 501 987 544 re
999 481 1071 546 laeti
1085 502 1133 546 an.

193 580 289 640 testes
303 576 365 638 sint
379 573 488 651 auditi,
501 592 541 635 en
562 573 719 635 sufficiens
733 573 827 635 fuerit
841 575 1015 637 defensioni
1025 576 1123 655 loeus,

194 669 316 735 admitti
338 667 417 731 solet
442 686 461 728 e
484 667 642 729 nonnullis
659 665 731 746 jure
746 667 929 747 majestatis.
947 668 1037 730 Ratio
1052 668 1134 749 quia

192 762 341 845 principis
356 764 403 823 est
428 779 447 821 e
467 759 498 821 vi
521 764 553 822 et
567 760 768 840 oppressione
781 760 922 823 subditos
940 761 1122 824 defendere.

193 857 256 920 Sed
281 857 384 936 potest
411 853 537 916 liberari
566 853 606 914 ab
625 854 826 933 oppressione
843 854 955 916 mediis
977 854 1135 936 legitimis.

192 947 379 1029 appellando
395 947 435 1008 ed
447 946 590 1026 superius
602 946 740 1008 tribunal
753 947 1010 1010 ecelesiastieum.

233 1041 296 1104 Sed
311 1040 336 1102 si
351 1039 497 1120 superius
512 1042 566 1101 aut
577 1040 654 1101 nolit
669 1042 724 1103 aut
741 1059 805 1102 non
819 1041 918 1120 possit
933 1041 1123 1121 reprimere,

192 1135 225 1196 id
239 1133 420 1198 aooessoriee
433 1131 623 1195 defensionis
634 1131 706 1213 jure
717 1133 885 1216 aliquando
898 1127 1027 1198 lieebit.'

544 1301 722 1357 ARTIGUlUS
737 1301 771 1356 11.

219 1446 254 1484 ns
271 1443 368 1484 murra
384 1444 402 1482 s
418 1443 473 1490 ouo
491 1443 596 1485 ruerrrr
615 1443 696 1483 terro
713 1444 903 1486 sereremus
923 1444 1095 1488 rorrsrsrrs.

386 1565 403 1604 l.
418 1569 541 1604 mmm
555 1571 584 1603 Β
596 1570 684 1613 Qmus
697 1571 929 1606 unumunurm.

231 1683 283 1746 Vl.
300 1684 342 1744 Ut
355 1680 567 1760 competentia
579 1681 741 1762 utriusque
752 1682 946 1746 auctoritatis
958 1682 1125 1746 definietur

191 1793 254 1837 non
269 1775 384 1838 suffieit
396 1775 528 1836 limitem
543 1774 750 1837 determinare
764 1776 796 1837 in
808 1773 894 1859 quem
906 1776 1028 1838 desinat
1042 1776 1123 1838 aetio

191 1867 396 1944 auetoritatis,
409 1865 465 1928 sed
476 1867 572 1929 etiem
584 1867 805 1950 limitemaquo
819 1869 958 1948 incipiet.
968 1870 1015 1929 Ex
1021 1869 1123 1948 primo

57 2003 65 2014 ·
191 1963 385 2026 theoremate
397 1959 482 2040 quod
493 1959 666 2038 posuimus,
679 1960 826 2023 definitus
836 1965 883 2023 est
894 1962 985 2024 limes
995 1962 1026 2022 ie
1038 1980 1124 2043 quem

193 2053 304 2117 desinit
313 2053 393 2115 sotio
407 2052 766 2133 alterutnuspotessatis,
779 2053 839 2116 hoe
848 2054 941 2116 modo
951 2075 958 2116 :
970 2053 1123 2134 quidquid

192 2153 239 2210 est
252 2147 370 2209 directo
387 2164 563 2208 connexum
582 2164 655 2207 eum
673 2149 791 2208 aeterne
806 2146 970 2208 hominum
990 2146 1123 2209 beatitu-

192 2242 265 2303 dine
280 2244 327 2302 est
342 2239 560 2318 oompetentiae
574 2239 769 2301 auctoritatis
782 2239 1015 2313 ecelesiastioae3
1033 2239 1124 2320 quid-

193 2334 269 2415 quid
284 2336 393 2395 eontra
412 2335 459 2394 est
476 2333 595 2394 direoto
611 2351 786 2394 connexum
799 2351 871 2394 eum
885 2331 1050 2412 temporali
1065 2331 1124 2392 rei-

191 2427 325 2507 publioae
335 2425 483 2488 felicitate
494 2429 541 2488 est
552 2425 710 2507 objectum
718 2426 816 2488 eivilis
825 2425 1019 2488 auctoritatis
1032 2445 1038 2486 :
1053 2444 1120 2504 seu,

192 2520 277 2602 quod
292 2519 377 2580 idem
392 2523 450 2596 est,
465 2537 503 2580 ex
516 2519 579 2579 fine
593 2519 625 2579 in
643 2537 737 2600 quem
752 2518 871 2584 direoto
886 2518 980 2580 debet
992 2517 1123 2580 tendere
1234 2557 1238 2567 ·

191 2612 271 2675 aetio
287 2612 450 2692 utriusque
465 2611 659 2677 austeritatis
677 2612 940 2692 deprehendimus
953 2611 1123 2674 terminum

191 2705 222 2766 in
238 2724 332 2786 quem
347 2704 510 2782 utriusque
523 2704 603 2766 aetio
615 2705 746 2769 desinat.

232 2798 295 2860 Sed
310 2797 395 2859 unde
416 2797 526 2877 inoipit
541 2800 673 2877 utreque
695 2799 864 2862 auotoritas
882 2798 914 2859 in
929 2797 1013 2858 hune
1026 2799 1123 2860 tinem
1231 2862 1236 2869 ,

191 2891 309 2970 agere?
320 2893 394 2968 Seu,
411 2890 497 2970 quod
508 2889 594 2950 idem
604 2893 661 2964 est,
673 2892 827 2971 poteritne
841 2890 1090 2970 independenter
1104 2909 1123 2951 a

192 2983 332 3064 quolibet
344 2983 405 3045 alio
414 2982 487 3064 jure
501 2982 661 3044 hominem
672 2983 806 3062 dirigere
820 2985 853 3044 in
862 2985 958 3060 finem
972 2983 1014 3043 ad
1028 3001 1123 3063 quem

190 3077 332 3139 instituto
353 3079 418 3154 est,
435 3075 485 3137 vel
508 3074 643 3138 habetne
663 3076 791 3157 aliquod
808 3077 860 3157 jus
881 3075 940 3138 sibi
958 3077 1072 3137 natura
1092 3077 1124 3137 et

191 3169 301 3233 ordine
315 3168 516 3249 prestantius
531 3169 616 3249 quod
635 3169 723 3230 nefas
746 3168 773 3230 ei
795 3170 836 3230 sit
849 3169 967 3231 violare
982 3167 1026 3229 ite
1042 3171 1076 3230 ut
1089 3168 1122 3230 in

190 3282 228 3325 eo
250 3265 402 3343 egnosoet
421 3261 591 3341 quemdem
608 3261 740 3324 limitem
761 3281 780 3324 a
801 3279 863 3344 quo
878 3279 972 3341 agere
993 3260 1123 3341 incipiat

187 3356 259 3438 jure
274 3375 331 3419 suo
346 3355 378 3416 in
392 3355 489 3416 finem
503 3355 651 3436 adquam
665 3355 806 3417 institute
820 3354 892 3417 est?

230 3451 247 3512 J
251 3468 303 3512 am
316 3467 393 3512 vero
408 3448 493 3528 quod
503 3447 556 3529 jus
566 3449 709 3510 naturale
723 3448 864 3511 divinum
875 3448 979 3529 prouti
993 3450 1077 3532 quod
1089 3449 1122 3512 in

191 3541 362 3605 intrinseee
376 3559 482 3606 rerum
502 3543 615 3606 nature
629 3541 768 3606 consistit
787 3544 819 3606 et
834 3542 974 3606 omnium
984 3541 1119 3624 jurium,

969 3646 1015 3705 to*
