<?xml version="1.0" encoding="UTF-8"?>
<!DOCTYPE html PUBLIC "-//W3C//DTD XHTML 1.0 Transitional//EN"
    "http://www.w3.org/TR/xhtml1/DTD/xhtml1-transitional.dtd">
<html xmlns="http://www.w3.org/1999/xhtml" xml:lang="en" lang="en">
 <head>
  <title>
</title>
<meta http-equiv="Content-Type" content="text/html;charset=utf-8" />
  <meta name='ocr-system' content='tesseract 3.04.00' />
  <meta name='ocr-capabilities' content='ocr_page ocr_carea ocr_par ocr_line ocrx_word'/>
</head>
<body>
  <div class='ocr_page' id='page_1' title='image "./institutionesju01marigoog_0136.png"; bbox 0 0 2586 4020; ppageno 0'>
   <div class='ocr_carea' id='block_1_1' title="bbox 539 254 1099 315">
    <p class='ocr_par' dir='ltr' id='par_1_1' title="bbox 539 254 1099 315">
     <span class='ocr_line' id='line_1_1' title="bbox 539 254 1099 315; baseline 0.009 -5"><span class='ocrx_word' id='word_1_1' title='bbox 539 265 578 311; x_wconf 86' lang='lat' dir='ltr'>nn</span> <span class='ocrx_word' id='word_1_2' title='bbox 599 265 738 314; x_wconf 79' lang='lat' dir='ltr'>marona</span> <span class='ocrx_word' id='word_1_3' title='bbox 1041 254 1099 315; x_wconf 72' lang='lat'>{29</span> 
     </span>
    </p>
   </div>
   <div class='ocr_carea' id='block_1_2' title="bbox 92 408 1100 1605">
    <p class='ocr_par' dir='ltr' id='par_1_2' title="bbox 92 408 1100 1605">
     <span class='ocr_line' id='line_1_2' title="bbox 166 408 1099 491; baseline -0.001 -17"><span class='ocrx_word' id='word_1_4' title='bbox 166 427 263 474; x_wconf 87' lang='lat' dir='ltr'>causa</span> <span class='ocrx_word' id='word_1_5' title='bbox 276 408 504 489; x_wconf 85' lang='lat' dir='ltr'>superveniret,</span> <span class='ocrx_word' id='word_1_6' title='bbox 522 428 560 470; x_wconf 85' lang='lat' dir='ltr'>ex</span> <span class='ocrx_word' id='word_1_7' title='bbox 572 429 635 491; x_wconf 87' lang='lat' dir='ltr'>qua</span> <span class='ocrx_word' id='word_1_8' title='bbox 646 410 773 472; x_wconf 86' lang='lat' dir='ltr'>vincere</span> <span class='ocrx_word' id='word_1_9' title='bbox 788 412 895 490; x_wconf 86' lang='lat' dir='ltr'>posset</span> <span class='ocrx_word' id='word_1_10' title='bbox 909 415 1007 488; x_wconf 87' lang='lat' dir='ltr'>actor,</span> <span class='ocrx_word' id='word_1_11' title='bbox 1027 429 1099 473; x_wconf 86' lang='lat' dir='ltr'>eum</span> 
     </span>
     <span class='ocr_line' id='line_1_3' title="bbox 92 499 1098 584; baseline -0.001 -19"><span class='ocrx_word' id='word_1_12' title='bbox 92 499 95 504; x_wconf 76' lang='grc'><strong>’</strong></span> <span class='ocrx_word' id='word_1_13' title='bbox 165 503 320 565; x_wconf 90' lang='lat' dir='ltr'>sententia</span> <span class='ocrx_word' id='word_1_14' title='bbox 343 502 464 563; x_wconf 83' lang='lat' dir='ltr'>feratur</span> <span class='ocrx_word' id='word_1_15' title='bbox 484 501 575 583; x_wconf 84' lang='lat' dir='ltr'>juxta</span> <span class='ocrx_word' id='word_1_16' title='bbox 598 521 746 580; x_wconf 89' lang='lat' dir='ltr'>causam,</span> <span class='ocrx_word' id='word_1_17' title='bbox 773 519 869 582; x_wconf 86' lang='lat' dir='ltr'>quam</span> <span class='ocrx_word' id='word_1_18' title='bbox 889 502 922 562; x_wconf 93' lang='lat' dir='ltr'>in</span> <span class='ocrx_word' id='word_1_19' title='bbox 944 503 1098 584; x_wconf 84' lang='lat' dir='ltr'>judicium</span> 
     </span>
     <span class='ocr_line' id='line_1_4' title="bbox 165 594 1095 675; baseline -0.003 -16"><span class='ocrx_word' id='word_1_20' title='bbox 165 594 309 670; x_wconf 80' lang='lat' dir='ltr'>deduxit3</span> <span class='ocrx_word' id='word_1_21' title='bbox 336 595 454 656; x_wconf 82' lang='lat' dir='ltr'>sivero</span> <span class='ocrx_word' id='word_1_22' title='bbox 475 613 513 656; x_wconf 86' lang='lat' dir='ltr'>ex</span> <span class='ocrx_word' id='word_1_23' title='bbox 534 597 674 675; x_wconf 86' lang='lat' dir='ltr'>generali</span> <span class='ocrx_word' id='word_1_24' title='bbox 698 599 821 656; x_wconf 87' lang='lat' dir='ltr'>tautum</span> <span class='ocrx_word' id='word_1_25' title='bbox 837 613 933 657; x_wconf 87' lang='lat' dir='ltr'>causa</span> <span class='ocrx_word' id='word_1_26' title='bbox 953 595 1095 673; x_wconf 89' lang='lat' dir='ltr'>dominii,</span> 
     </span>
     <span class='ocr_line' id='line_1_5' title="bbox 163 687 1099 769; baseline -0.001 -18"><span class='ocrx_word' id='word_1_27' title='bbox 163 709 196 752; x_wconf 85' lang='lat' dir='ltr'>v.</span> <span class='ocrx_word' id='word_1_28' title='bbox 221 708 266 768; x_wconf 87' lang='lat' dir='ltr'>g.,</span> <span class='ocrx_word' id='word_1_29' title='bbox 288 687 375 750; x_wconf 89' lang='lat' dir='ltr'>nulla</span> <span class='ocrx_word' id='word_1_30' title='bbox 393 687 521 768; x_wconf 88' lang='lat' dir='ltr'>speciali</span> <span class='ocrx_word' id='word_1_31' title='bbox 541 706 638 749; x_wconf 87' lang='lat' dir='ltr'>causa</span> <span class='ocrx_word' id='word_1_32' title='bbox 656 706 804 767; x_wconf 82' lang='lat' dir='ltr'>expressa</span> <span class='ocrx_word' id='word_1_33' title='bbox 817 707 867 749; x_wconf 88' lang='lat' dir='ltr'>res</span> <span class='ocrx_word' id='word_1_34' title='bbox 878 691 1014 769; x_wconf 88' lang='lat' dir='ltr'>petatur,</span> <span class='ocrx_word' id='word_1_35' title='bbox 1031 692 1099 750; x_wconf 90' lang='lat' dir='ltr'>tum</span> 
     </span>
     <span class='ocr_line' id='line_1_6' title="bbox 163 780 1099 862; baseline -0.002 -18"><span class='ocrx_word' id='word_1_36' title='bbox 163 781 279 844; x_wconf 88' lang='lat' dir='ltr'>sufficit</span> <span class='ocrx_word' id='word_1_37' title='bbox 288 781 388 844; x_wconf 83' lang='lat' dir='ltr'>actori</span> <span class='ocrx_word' id='word_1_38' title='bbox 402 781 443 842; x_wconf 91' lang='lat' dir='ltr'>ad</span> <span class='ocrx_word' id='word_1_39' title='bbox 457 780 653 843; x_wconf 75' lang='lat' dir='ltr'>fundandam</span> <span class='ocrx_word' id='word_1_40' title='bbox 667 799 757 842; x_wconf 89' lang='lat' dir='ltr'>suam</span> <span class='ocrx_word' id='word_1_41' title='bbox 771 780 977 843; x_wconf 88' lang='lat' dir='ltr'>intentionem</span> <span class='ocrx_word' id='word_1_42' title='bbox 990 799 1099 862; x_wconf 87' lang='lat' dir='ltr'>quam·</span> 
     </span>
     <span class='ocr_line' id='line_1_7' title="bbox 164 873 1100 956; baseline -0.001 -19"><span class='ocrx_word' id='word_1_43' title='bbox 164 892 298 956; x_wconf 86' lang='lat' dir='ltr'>cumque</span> <span class='ocrx_word' id='word_1_44' title='bbox 309 874 428 955; x_wconf 88' lang='lat' dir='ltr'>justam</span> <span class='ocrx_word' id='word_1_45' title='bbox 440 891 568 936; x_wconf 86' lang='lat' dir='ltr'>oausam</span> <span class='ocrx_word' id='word_1_46' title='bbox 582 874 729 953; x_wconf 89' lang='lat' dir='ltr'>probare,</span> <span class='ocrx_word' id='word_1_47' title='bbox 742 873 871 955; x_wconf 83' lang='lat' dir='ltr'>vioujus</span> <span class='ocrx_word' id='word_1_48' title='bbox 883 873 928 935; x_wconf 92' lang='lat' dir='ltr'>illi</span> <span class='ocrx_word' id='word_1_49' title='bbox 942 876 1100 954; x_wconf 75' lang='lat' dir='ltr'>competat</span> 
     </span>
     <span class='ocr_line' id='line_1_8' title="bbox 165 966 1096 1048; baseline -0.003 -17"><span class='ocrx_word' id='word_1_50' title='bbox 165 967 351 1044; x_wconf 86' lang='lat' dir='ltr'>dominium,</span> <span class='ocrx_word' id='word_1_51' title='bbox 368 987 398 1029; x_wconf 92' lang='lat' dir='ltr'>v.</span> <span class='ocrx_word' id='word_1_52' title='bbox 416 987 462 1047; x_wconf 85' lang='lat' dir='ltr'>g.,</span> <span class='ocrx_word' id='word_1_53' title='bbox 484 967 638 1048; x_wconf 85' lang='lat' dir='ltr'>quidquid</span> <span class='ocrx_word' id='word_1_54' title='bbox 652 967 693 1028; x_wconf 87' lang='lat' dir='ltr'>sit</span> <span class='ocrx_word' id='word_1_55' title='bbox 717 966 755 1028; x_wconf 91' lang='lat' dir='ltr'>de</span> <span class='ocrx_word' id='word_1_56' title='bbox 772 967 876 1046; x_wconf 84' lang='lat' dir='ltr'>rigore</span> <span class='ocrx_word' id='word_1_57' title='bbox 889 966 970 1047; x_wconf 82' lang='lat' dir='ltr'>juris</span> <span class='ocrx_word' id='word_1_58' title='bbox 986 967 1096 1045; x_wconf 88' lang='lat' dir='ltr'>civilis,</span> 
     </span>
     <span class='ocr_line' id='line_1_9' title="bbox 163 1059 1097 1142; baseline -0.002 -18"><span class='ocrx_word' id='word_1_59' title='bbox 163 1061 213 1124; x_wconf 90' lang='lat' dir='ltr'>cui</span> <span class='ocrx_word' id='word_1_60' title='bbox 224 1061 356 1142; x_wconf 75' lang='lat' dir='ltr'>aquitae</span> <span class='ocrx_word' id='word_1_61' title='bbox 364 1059 519 1122; x_wconf 77' lang='lat' dir='ltr'>&#39;canonica</span> <span class='ocrx_word' id='word_1_62' title='bbox 531 1060 591 1122; x_wconf 87' lang='lat' dir='ltr'>hac</span> <span class='ocrx_word' id='word_1_63' title='bbox 604 1061 637 1120; x_wconf 92' lang='lat' dir='ltr'>in</span> <span class='ocrx_word' id='word_1_64' title='bbox 650 1079 685 1122; x_wconf 89' lang='lat' dir='ltr'>re</span> <span class='ocrx_word' id='word_1_65' title='bbox 700 1061 852 1139; x_wconf 79' lang='lat' dir='ltr'>praevalet</span> <span class='ocrx_word' id='word_1_66' title='bbox 865 1059 927 1140; x_wconf 90' lang='lat' dir='ltr'>(ad</span> <span class='ocrx_word' id='word_1_67' title='bbox 942 1059 1097 1122; x_wconf 85' lang='lat' dir='ltr'>finiendas</span> 
     </span>
     <span class='ocr_line' id='line_1_10' title="bbox 163 1153 1095 1234; baseline -0.003 -16"><span class='ocrx_word' id='word_1_68' title='bbox 163 1154 282 1218; x_wconf 88' lang='lat' dir='ltr'>scilicet</span> <span class='ocrx_word' id='word_1_69' title='bbox 303 1153 385 1232; x_wconf 88' lang='lat' dir='ltr'>lites)</span> <span class='ocrx_word' id='word_1_70' title='bbox 409 1153 500 1233; x_wconf 86' lang='lat' dir='ltr'>juxta</span> <span class='ocrx_word' id='word_1_71' title='bbox 526 1171 640 1233; x_wconf 87' lang='lat' dir='ltr'>quam,</span> <span class='ocrx_word' id='word_1_72' title='bbox 658 1153 711 1233; x_wconf 85' lang='lat' dir='ltr'>qui</span> <span class='ocrx_word' id='word_1_73' title='bbox 735 1153 767 1213; x_wconf 91' lang='lat' dir='ltr'>in</span> <span class='ocrx_word' id='word_1_74' title='bbox 791 1172 908 1232; x_wconf 79' lang='lat' dir='ltr'>genere</span> <span class='ocrx_word' id='word_1_75' title='bbox 926 1172 994 1216; x_wconf 86' lang='lat' dir='ltr'>rem</span> <span class='ocrx_word' id='word_1_76' title='bbox 1006 1153 1095 1234; x_wconf 90' lang='lat' dir='ltr'>petit,</span> 
     </span>
     <span class='ocr_line' id='line_1_11' title="bbox 162 1245 1096 1327; baseline -0.004 -17"><span class='ocrx_word' id='word_1_77' title='bbox 162 1264 255 1311; x_wconf 86' lang='lat' dir='ltr'>omne</span> <span class='ocrx_word' id='word_1_78' title='bbox 271 1264 363 1308; x_wconf 89' lang='lat' dir='ltr'>suum</span> <span class='ocrx_word' id='word_1_79' title='bbox 370 1245 422 1327; x_wconf 87' lang='lat' dir='ltr'>jus</span> <span class='ocrx_word' id='word_1_80' title='bbox 436 1247 469 1306; x_wconf 92' lang='lat' dir='ltr'>in</span> <span class='ocrx_word' id='word_1_81' title='bbox 479 1245 635 1326; x_wconf 88' lang='lat' dir='ltr'>judicium</span> <span class='ocrx_word' id='word_1_82' title='bbox 654 1245 812 1307; x_wconf 80' lang='lat' dir='ltr'>deducere</span> <span class='ocrx_word' id='word_1_83' title='bbox 826 1246 951 1308; x_wconf 88' lang='lat' dir='ltr'>videtur</span> <span class='ocrx_word' id='word_1_84' title='bbox 962 1246 1014 1325; x_wconf 90' lang='lat' dir='ltr'>(ad</span> <span class='ocrx_word' id='word_1_85' title='bbox 1029 1264 1096 1307; x_wconf 91' lang='lat' dir='ltr'>rem</span> 
     </span>
     <span class='ocr_line' id='line_1_12' title="bbox 161 1338 1095 1419; baseline -0.002 -19"><span class='ocrx_word' id='word_1_86' title='bbox 161 1339 249 1402; x_wconf 88' lang='lat' dir='ltr'>illam</span> <span class='ocrx_word' id='word_1_87' title='bbox 263 1339 496 1415; x_wconf 86' lang='lat' dir='ltr'>vindicandam,</span> <span class='ocrx_word' id='word_1_88' title='bbox 512 1359 544 1400; x_wconf 88' lang='lat' dir='ltr'>v.</span> <span class='ocrx_word' id='word_1_89' title='bbox 559 1338 617 1418; x_wconf 83' lang='lat' dir='ltr'>g.),</span> <span class='ocrx_word' id='word_1_90' title='bbox 632 1357 696 1400; x_wconf 92' lang='lat' dir='ltr'>non</span> <span class='ocrx_word' id='word_1_91' title='bbox 710 1341 833 1400; x_wconf 89' lang='lat' dir='ltr'>tantum</span> <span class='ocrx_word' id='word_1_92' title='bbox 850 1339 934 1419; x_wconf 88' lang='lat' dir='ltr'>quod</span> <span class='ocrx_word' id='word_1_93' title='bbox 948 1341 1025 1400; x_wconf 88' lang='lat' dir='ltr'>tono</span> <span class='ocrx_word' id='word_1_94' title='bbox 1040 1338 1095 1398; x_wconf 88' lang='lat' dir='ltr'>ha-</span> 
     </span>
     <span class='ocr_line' id='line_1_13' title="bbox 161 1429 1095 1510; baseline -0.004 -16"><span class='ocrx_word' id='word_1_95' title='bbox 161 1433 279 1510; x_wconf 82' lang='lat' dir='ltr'>bebat,</span> <span class='ocrx_word' id='word_1_96' title='bbox 308 1435 451 1510; x_wconf 90' lang='lat' dir='ltr'>tempore</span> <span class='ocrx_word' id='word_1_97' title='bbox 477 1431 539 1492; x_wconf 91' lang='lat' dir='ltr'>litis</span> <span class='ocrx_word' id='word_1_98' title='bbox 577 1433 784 1508; x_wconf 72' lang='lat' dir='ltr'>contestatae,</span> <span class='ocrx_word' id='word_1_99' title='bbox 814 1431 987 1494; x_wconf 86' lang='lat' dir='ltr'>sedetiam</span> <span class='ocrx_word' id='word_1_100' title='bbox 1011 1429 1095 1510; x_wconf 88' lang='lat' dir='ltr'>quod</span> 
     </span>
     <span class='ocr_line' id='line_1_14' title="bbox 161 1523 1042 1605; baseline -0.002 -17"><span class='ocrx_word' id='word_1_101' title='bbox 161 1528 282 1604; x_wconf 85' lang='lat' dir='ltr'>postca,</span> <span class='ocrx_word' id='word_1_102' title='bbox 298 1525 430 1587; x_wconf 87' lang='lat' dir='ltr'>durante</span> <span class='ocrx_word' id='word_1_103' title='bbox 442 1523 553 1604; x_wconf 89' lang='lat' dir='ltr'>judicii</span> <span class='ocrx_word' id='word_1_104' title='bbox 563 1539 711 1605; x_wconf 87' lang='lat' dir='ltr'>processu</span> <span class='ocrx_word' id='word_1_105' title='bbox 722 1570 730 1603; x_wconf 91' lang='lat'>,</span> <span class='ocrx_word' id='word_1_106' title='bbox 743 1524 839 1604; x_wconf 86' lang='lat' dir='ltr'>coepit</span> <span class='ocrx_word' id='word_1_107' title='bbox 853 1527 1042 1604; x_wconf 82' lang='lat' dir='ltr'>competere.</span> 
     </span>
    </p>
   </div>
   <div class='ocr_carea' id='block_1_3' title="bbox 189 1671 1067 1723">
    <p class='ocr_par' dir='ltr' id='par_1_3' title="bbox 189 1671 1067 1723">
     <span class='ocr_line' id='line_1_15' title="bbox 189 1671 1067 1723; baseline 0.001 -10"><span class='ocrx_word' id='word_1_108' title='bbox 189 1671 235 1723; x_wconf 66' lang='lat' dir='ltr'>§ll-</span> <span class='ocrx_word' id='word_1_109' title='bbox 251 1680 282 1713; x_wconf 71' lang='lat' dir='ltr'>D!</span> <span class='ocrx_word' id='word_1_110' title='bbox 290 1681 322 1713; x_wconf 72' lang='grc' dir='ltr'>Ιῑ</span> <span class='ocrx_word' id='word_1_111' title='bbox 335 1680 460 1718; x_wconf 65' lang='lat' dir='ltr'>suntme,</span> <span class='ocrx_word' id='word_1_112' title='bbox 471 1680 521 1712; x_wconf 76' lang='grc' dir='ltr'>ΙΜ</span> <span class='ocrx_word' id='word_1_113' title='bbox 529 1681 648 1713; x_wconf 71' lang='grc' dir='ltr'><strong>ΤΜΜΠἮ</strong></span> <span class='ocrx_word' id='word_1_114' title='bbox 658 1681 795 1712; x_wconf 67' lang='grc' dir='ltr'><strong>ΜΤΞΠΉΙ</strong></span> <span class='ocrx_word' id='word_1_115' title='bbox 807 1681 834 1712; x_wconf 79' lang='lat' dir='ltr'>m</span> <span class='ocrx_word' id='word_1_116' title='bbox 852 1680 906 1714; x_wconf 63' lang='lat' dir='ltr'>BRN</span> <span class='ocrx_word' id='word_1_117' title='bbox 921 1679 1067 1714; x_wconf 69' lang='lat' dir='ltr'>tantumn.</span> 
     </span>
    </p>
   </div>
   <div class='ocr_carea' id='block_1_4' title="bbox 159 1787 1094 2054">
    <p class='ocr_par' dir='ltr' id='par_1_4' title="bbox 159 1787 1094 2054">
     <span class='ocr_line' id='line_1_16' title="bbox 192 1787 1094 1870; baseline -0.002 -18"><span class='ocrx_word' id='word_1_118' title='bbox 192 1790 252 1852; x_wconf 71' lang='lat' dir='ltr'>¹Vl.</span> <span class='ocrx_word' id='word_1_119' title='bbox 273 1787 394 1864; x_wconf 74' lang='lat' dir='ltr'>Quando</span> <span class='ocrx_word' id='word_1_120' title='bbox 413 1790 556 1850; x_wconf 78' lang='lat' dir='ltr'>cententio</span> <span class='ocrx_word' id='word_1_121' title='bbox 580 1797 709 1850; x_wconf 80' lang='lat' dir='ltr'>transcat</span> <span class='ocrx_word' id='word_1_122' title='bbox 727 1789 758 1850; x_wconf 82' lang='lat' dir='ltr'>in</span> <span class='ocrx_word' id='word_1_123' title='bbox 774 1807 835 1858; x_wconf 74' lang='lat' dir='ltr'>resa</span> <span class='ocrx_word' id='word_1_124' title='bbox 853 1789 1033 1870; x_wconf 79' lang='lat' dir='ltr'>judicatam,</span> <span class='ocrx_word' id='word_1_125' title='bbox 1051 1790 1094 1851; x_wconf 79' lang='lat' dir='ltr'>ito</span> 
     </span>
     <span class='ocr_line' id='line_1_17' title="bbox 160 1879 1090 1964; baseline -0.004 -16"><span class='ocrx_word' id='word_1_126' title='bbox 160 1891 194 1948; x_wconf 82' lang='lat' dir='ltr'>ut</span> <span class='ocrx_word' id='word_1_127' title='bbox 207 1882 368 1944; x_wconf 79' lang='lat' dir='ltr'>retractari</span> <span class='ocrx_word' id='word_1_128' title='bbox 385 1879 565 1963; x_wconf 70' lang='lat' dir='ltr'>conpescit?</span> <span class='ocrx_word' id='word_1_129' title='bbox 582 1881 614 1944; x_wconf 89' lang='lat' dir='ltr'>Si</span> <span class='ocrx_word' id='word_1_130' title='bbox 635 1900 699 1944; x_wconf 92' lang='lat' dir='ltr'>non</span> <span class='ocrx_word' id='word_1_131' title='bbox 714 1882 852 1961; x_wconf 89' lang='lat' dir='ltr'>appellet</span> <span class='ocrx_word' id='word_1_132' title='bbox 867 1900 939 1960; x_wconf 88' lang='lat' dir='ltr'>pars</span> <span class='ocrx_word' id='word_1_133' title='bbox 953 1882 1090 1964; x_wconf 81' lang='lat' dir='ltr'>litigans,</span> 
     </span>
     <span class='ocr_line' id='line_1_18' title="bbox 159 1974 1092 2054; baseline -0.002 -16"><span class='ocrx_word' id='word_1_134' title='bbox 159 1980 269 2038; x_wconf 86' lang='lat' dir='ltr'>contra</span> <span class='ocrx_word' id='word_1_135' title='bbox 283 1992 378 2054; x_wconf 88' lang='lat' dir='ltr'>quam</span> <span class='ocrx_word' id='word_1_136' title='bbox 392 1974 547 2036; x_wconf 84' lang='lat' dir='ltr'>sententia</span> <span class='ocrx_word' id='word_1_137' title='bbox 566 1975 632 2037; x_wconf 87' lang='lat' dir='ltr'>lata</span> <span class='ocrx_word' id='word_1_138' title='bbox 648 1978 714 2052; x_wconf 87' lang='lat' dir='ltr'>est,</span> <span class='ocrx_word' id='word_1_139' title='bbox 737 1975 821 2036; x_wconf 87' lang='lat' dir='ltr'>intra</span> <span class='ocrx_word' id='word_1_140' title='bbox 843 1978 881 2038; x_wconf 81' lang='lat'>10</span> <span class='ocrx_word' id='word_1_141' title='bbox 901 1974 967 2037; x_wconf 90' lang='lat' dir='ltr'>dies</span> <span class='ocrx_word' id='word_1_142' title='bbox 982 1993 1002 2035; x_wconf 91' lang='lat' dir='ltr'>a</span> <span class='ocrx_word' id='word_1_143' title='bbox 1015 1978 1092 2037; x_wconf 88' lang='lat' dir='ltr'>tem·</span> 
     </span>
    </p>
   </div>
   <div class='ocr_carea' id='block_1_5' title="bbox 159 2066 1224 2240">
    <p class='ocr_par' dir='ltr' id='par_1_5' title="bbox 159 2066 1224 2240">
     <span class='ocr_line' id='line_1_19' title="bbox 159 2066 1224 2155; baseline 0 -25"><span class='ocrx_word' id='word_1_144' title='bbox 159 2085 235 2149; x_wconf 89' lang='lat' dir='ltr'>pore</span> <span class='ocrx_word' id='word_1_145' title='bbox 250 2067 322 2128; x_wconf 84' lang='lat' dir='ltr'>latae</span> <span class='ocrx_word' id='word_1_146' title='bbox 337 2067 500 2128; x_wconf 87' lang='lat' dir='ltr'>sentcntiae</span> <span class='ocrx_word' id='word_1_147' title='bbox 513 2066 758 2146; x_wconf 88' lang='lat' dir='ltr'>computandos,</span> <span class='ocrx_word' id='word_1_148' title='bbox 780 2086 853 2155; x_wconf 84' lang='lat' dir='ltr'>cum</span> <span class='ocrx_word' id='word_1_149' title='bbox 865 2071 972 2131; x_wconf 88' lang='lat' dir='ltr'>tamen</span> <span class='ocrx_word' id='word_1_150' title='bbox 987 2070 1092 2148; x_wconf 87' lang='lat' dir='ltr'>posset</span> <span class='ocrx_word' id='word_1_151' title='bbox 1214 2091 1224 2120; x_wconf 72' lang='grc' dir='ltr'><strong>ε</strong></span> 
     </span>
     <span class='ocr_line' id='line_1_20' title="bbox 159 2159 1210 2240; baseline 0 -18"><span class='ocrx_word' id='word_1_152' title='bbox 159 2160 330 2240; x_wconf 89' lang='lat' dir='ltr'>appellare,</span> <span class='ocrx_word' id='word_1_153' title='bbox 346 2159 504 2222; x_wconf 88' lang='lat' dir='ltr'>sententia</span> <span class='ocrx_word' id='word_1_154' title='bbox 524 2159 636 2222; x_wconf 77' lang='lat' dir='ltr'>transit</span> <span class='ocrx_word' id='word_1_155' title='bbox 658 2159 690 2220; x_wconf 90' lang='lat' dir='ltr'>in</span> <span class='ocrx_word' id='word_1_156' title='bbox 705 2177 774 2220; x_wconf 84' lang='lat' dir='ltr'>rem</span> <span class='ocrx_word' id='word_1_157' title='bbox 789 2159 974 2239; x_wconf 86' lang='lat' dir='ltr'>judicatam,</span> <span class='ocrx_word' id='word_1_158' title='bbox 998 2164 1029 2222; x_wconf 89' lang='lat' dir='ltr'>et</span> <span class='ocrx_word' id='word_1_159' title='bbox 1040 2160 1091 2240; x_wconf 87' lang='lat' dir='ltr'>jus</span> <span class='ocrx_word' id='word_1_160' title='bbox 1206 2172 1210 2178; x_wconf 76' lang='grc'><em>’</em></span> 
     </span>
    </p>
   </div>
   <div class='ocr_carea' id='block_1_6' title="bbox 154 2251 1090 2613">
    <p class='ocr_par' dir='ltr' id='par_1_6' title="bbox 154 2251 1090 2613">
     <span class='ocr_line' id='line_1_21' title="bbox 158 2251 1090 2333; baseline -0.004 -15"><span class='ocrx_word' id='word_1_161' title='bbox 158 2251 234 2318; x_wconf 82' lang='lat' dir='ltr'>facit</span> <span class='ocrx_word' id='word_1_162' title='bbox 242 2252 324 2315; x_wconf 88' lang='lat' dir='ltr'>iuter</span> <span class='ocrx_word' id='word_1_163' title='bbox 332 2254 439 2333; x_wconf 88' lang='lat' dir='ltr'>partes</span> <span class='ocrx_word' id='word_1_164' title='bbox 446 2251 617 2331; x_wconf 82' lang='lat' dir='ltr'>litigantes,</span> <span class='ocrx_word' id='word_1_165' title='bbox 626 2252 670 2314; x_wconf 89' lang='lat' dir='ltr'>ita</span> <span class='ocrx_word' id='word_1_166' title='bbox 678 2253 714 2312; x_wconf 84' lang='lat' dir='ltr'>ut</span> <span class='ocrx_word' id='word_1_167' title='bbox 724 2251 835 2315; x_wconf 87' lang='lat' dir='ltr'>saltem</span> <span class='ocrx_word' id='word_1_168' title='bbox 845 2271 902 2333; x_wconf 90' lang='lat' dir='ltr'>per</span> <span class='ocrx_word' id='word_1_169' title='bbox 916 2252 1090 2315; x_wconf 86' lang='lat' dir='ltr'>remedium</span> 
     </span>
     <span class='ocr_line' id='line_1_22' title="bbox 159 2343 1089 2425; baseline -0.004 -16"><span class='ocrx_word' id='word_1_170' title='bbox 159 2345 354 2409; x_wconf 85' lang='lat' dir='ltr'>ordinarium</span> <span class='ocrx_word' id='word_1_171' title='bbox 372 2345 534 2408; x_wconf 89' lang='lat' dir='ltr'>retractari</span> <span class='ocrx_word' id='word_1_172' title='bbox 555 2345 689 2425; x_wconf 86' lang='lat' dir='ltr'>amplius</span> <span class='ocrx_word' id='word_1_173' title='bbox 704 2362 766 2406; x_wconf 91' lang='lat' dir='ltr'>non</span> <span class='ocrx_word' id='word_1_174' title='bbox 789 2344 898 2424; x_wconf 91' lang='lat' dir='ltr'>possit,</span> <span class='ocrx_word' id='word_1_175' title='bbox 920 2345 945 2407; x_wconf 92' lang='lat' dir='ltr'>si</span> <span class='ocrx_word' id='word_1_176' title='bbox 964 2343 1089 2405; x_wconf 88' lang='lat' dir='ltr'>aliasde</span> 
     </span>
     <span class='ocr_line' id='line_1_23' title="bbox 154 2436 1086 2520; baseline 0 -20"><span class='ocrx_word' id='word_1_177' title='bbox 154 2438 227 2520; x_wconf 84' lang='lat' dir='ltr'>jure</span> <span class='ocrx_word' id='word_1_178' title='bbox 261 2437 410 2500; x_wconf 88' lang='lat' dir='ltr'>subsistat</span> <span class='ocrx_word' id='word_1_179' title='bbox 436 2439 520 2518; x_wconf 91' lang='lat' dir='ltr'>(cum</span> <span class='ocrx_word' id='word_1_180' title='bbox 542 2437 625 2515; x_wconf 87' lang='lat' dir='ltr'>talis,</span> <span class='ocrx_word' id='word_1_181' title='bbox 649 2436 732 2499; x_wconf 89' lang='lat' dir='ltr'>intra</span> <span class='ocrx_word' id='word_1_182' title='bbox 750 2441 874 2518; x_wconf 87' lang='lat' dir='ltr'>tempus</span> <span class='ocrx_word' id='word_1_183' title='bbox 892 2455 1086 2516; x_wconf 86' lang='lat' dir='ltr'>eoncessum,</span> 
     </span>
     <span class='ocr_line' id='line_1_24' title="bbox 156 2530 1089 2613; baseline -0.003 -18"><span class='ocrx_word' id='word_1_184' title='bbox 156 2549 221 2596; x_wconf 90' lang='lat' dir='ltr'>non</span> <span class='ocrx_word' id='word_1_185' title='bbox 246 2530 407 2611; x_wconf 85' lang='lat' dir='ltr'>appellans</span> <span class='ocrx_word' id='word_1_186' title='bbox 429 2531 629 2610; x_wconf 82' lang='lat' dir='ltr'>acquiescere</span> <span class='ocrx_word' id='word_1_187' title='bbox 651 2531 814 2593; x_wconf 75' lang='lat' dir='ltr'>sententia</span> <span class='ocrx_word' id='word_1_188' title='bbox 840 2531 913 2594; x_wconf 85' lang='lat' dir='ltr'>latae</span> <span class='ocrx_word' id='word_1_189' title='bbox 934 2549 991 2611; x_wconf 89' lang='lat' dir='ltr'>per</span> <span class='ocrx_word' id='word_1_190' title='bbox 1008 2530 1089 2613; x_wconf 87' lang='lat' dir='ltr'>juris</span> 
     </span>
    </p>
   </div>
   <div class='ocr_carea' id='block_1_7' title="bbox 142 2619 1089 3256">
    <p class='ocr_par' dir='ltr' id='par_1_7' title="bbox 142 2619 1089 3256">
     <span class='ocr_line' id='line_1_25' title="bbox 155 2619 1089 2707; baseline -0.001 -20"><span class='ocrx_word' id='word_1_191' title='bbox 155 2622 447 2704; x_wconf 86' lang='lat' dir='ltr'>interpretationem</span> <span class='ocrx_word' id='word_1_192' title='bbox 461 2629 643 2700; x_wconf 85' lang='lat' dir='ltr'>censeatur,</span> <span class='ocrx_word' id='word_1_193' title='bbox 669 2641 771 2705; x_wconf 85' lang='lat' dir='ltr'>neque</span> <span class='ocrx_word' id='word_1_194' title='bbox 792 2624 846 2686; x_wconf 90' lang='lat' dir='ltr'>illa</span> <span class='ocrx_word' id='word_1_195' title='bbox 864 2619 953 2707; x_wconf 83' lang='lat' dir='ltr'>para,</span> <span class='ocrx_word' id='word_1_196' title='bbox 978 2629 1089 2688; x_wconf 84' lang='lat' dir='ltr'>contra</span> 
     </span>
     <span class='ocr_line' id='line_1_26' title="bbox 156 2715 1088 2798; baseline 0 -20"><span class='ocrx_word' id='word_1_197' title='bbox 156 2717 383 2798; x_wconf 82' lang='lat' dir='ltr'>quamlataest</span> <span class='ocrx_word' id='word_1_198' title='bbox 397 2717 561 2792; x_wconf 87' lang='lat' dir='ltr'>sententia,</span> <span class='ocrx_word' id='word_1_199' title='bbox 579 2715 763 2778; x_wconf 87' lang='lat' dir='ltr'>admittatur</span> <span class='ocrx_word' id='word_1_200' title='bbox 774 2717 921 2797; x_wconf 87' lang='lat' dir='ltr'>amplius,</span> <span class='ocrx_word' id='word_1_201' title='bbox 936 2717 962 2778; x_wconf 88' lang='lat' dir='ltr'>si</span> <span class='ocrx_word' id='word_1_202' title='bbox 974 2718 1088 2779; x_wconf 86' lang='lat' dir='ltr'>iterum</span> 
     </span>
     <span class='ocr_line' id='line_1_27' title="bbox 142 2806 1089 2889; baseline 0 -19"><span class='ocrx_word' id='word_1_203' title='bbox 142 2807 316 2889; x_wconf 17' lang='lat' dir='ltr'>‘productis</span> <span class='ocrx_word' id='word_1_204' title='bbox 331 2806 492 2888; x_wconf 84' lang='lat' dir='ltr'>actis),ch</span> <span class='ocrx_word' id='word_1_205' title='bbox 507 2807 569 2868; x_wconf 88' lang='lat' dir='ltr'>alia</span> <span class='ocrx_word' id='word_1_206' title='bbox 583 2808 704 2870; x_wconf 88' lang='lat' dir='ltr'>ratione</span> <span class='ocrx_word' id='word_1_207' title='bbox 716 2810 850 2887; x_wconf 90' lang='lat' dir='ltr'>probare</span> <span class='ocrx_word' id='word_1_208' title='bbox 863 2809 949 2886; x_wconf 86' lang='lat' dir='ltr'>velit,</span> <span class='ocrx_word' id='word_1_209' title='bbox 963 2813 1089 2871; x_wconf 83' lang='lat' dir='ltr'>senten-</span> 
     </span>
     <span class='ocr_line' id='line_1_28' title="bbox 153 2899 1088 2981; baseline -0.004 -18"><span class='ocrx_word' id='word_1_210' title='bbox 153 2901 231 2963; x_wconf 82' lang='lat' dir='ltr'>tiam</span> <span class='ocrx_word' id='word_1_211' title='bbox 245 2908 356 2965; x_wconf 86' lang='lat' dir='ltr'>contra</span> <span class='ocrx_word' id='word_1_212' title='bbox 373 2919 407 2962; x_wconf 87' lang='lat' dir='ltr'>se</span> <span class='ocrx_word' id='word_1_213' title='bbox 421 2901 519 2962; x_wconf 88' lang='lat' dir='ltr'>latam</span> <span class='ocrx_word' id='word_1_214' title='bbox 543 2899 694 2979; x_wconf 89' lang='lat' dir='ltr'>injustam</span> <span class='ocrx_word' id='word_1_215' title='bbox 727 2901 823 2962; x_wconf 85' lang='lat' dir='ltr'>fuisse</span> <span class='ocrx_word' id='word_1_216' title='bbox 840 2902 922 2981; x_wconf 90' lang='lat' dir='ltr'>(cum</span> <span class='ocrx_word' id='word_1_217' title='bbox 942 2919 992 2961; x_wconf 89' lang='lat' dir='ltr'>res</span> <span class='ocrx_word' id='word_1_218' title='bbox 1002 2900 1088 2980; x_wconf 83' lang='lat' dir='ltr'>judi-</span> 
     </span>
     <span class='ocr_line' id='line_1_29' title="bbox 155 2991 1088 3074; baseline -0.005 -16"><span class='ocrx_word' id='word_1_219' title='bbox 155 3000 226 3058; x_wconf 86' lang='lat' dir='ltr'>oata</span> <span class='ocrx_word' id='word_1_220' title='bbox 243 2992 490 3074; x_wconf 80' lang='lat' dir='ltr'>prasumptione</span> <span class='ocrx_word' id='word_1_221' title='bbox 504 2991 596 3072; x_wconf 88' lang='lat' dir='ltr'>juris,</span> <span class='ocrx_word' id='word_1_222' title='bbox 621 2995 653 3054; x_wconf 91' lang='lat' dir='ltr'>et</span> <span class='ocrx_word' id='word_1_223' title='bbox 675 2992 714 3053; x_wconf 91' lang='lat' dir='ltr'>de</span> <span class='ocrx_word' id='word_1_224' title='bbox 725 2993 797 3072; x_wconf 87' lang='lat' dir='ltr'>jure</span> <span class='ocrx_word' id='word_1_225' title='bbox 809 3011 866 3071; x_wconf 90' lang='lat' dir='ltr'>pro</span> <span class='ocrx_word' id='word_1_226' title='bbox 881 2992 1012 3053; x_wconf 86' lang='lat' dir='ltr'>veritate</span> <span class='ocrx_word' id='word_1_227' title='bbox 1031 2992 1088 3053; x_wconf 87' lang='lat' dir='ltr'>ha-</span> 
     </span>
     <span class='ocr_line' id='line_1_30' title="bbox 151 3083 1087 3164; baseline -0.006 -15"><span class='ocrx_word' id='word_1_228' title='bbox 151 3087 286 3164; x_wconf 84' lang='lat' dir='ltr'>beatur),</span> <span class='ocrx_word' id='word_1_229' title='bbox 304 3088 358 3147; x_wconf 86' lang='lat' dir='ltr'>aut</span> <span class='ocrx_word' id='word_1_230' title='bbox 377 3085 402 3147; x_wconf 92' lang='lat' dir='ltr'>si</span> <span class='ocrx_word' id='word_1_231' title='bbox 418 3089 571 3164; x_wconf 82' lang='lat' dir='ltr'>praetextu</span> <span class='ocrx_word' id='word_1_232' title='bbox 583 3084 761 3164; x_wconf 86' lang='lat' dir='ltr'>privilegii,</span> <span class='ocrx_word' id='word_1_233' title='bbox 778 3083 942 3164; x_wconf 83' lang='lat' dir='ltr'>injudicio</span> <span class='ocrx_word' id='word_1_234' title='bbox 959 3083 1087 3164; x_wconf 84' lang='lat' dir='ltr'>quidam</span> 
     </span>
     <span class='ocr_line' id='line_1_31' title="bbox 153 3176 1088 3256; baseline -0.005 -14"><span class='ocrx_word' id='word_1_235' title='bbox 153 3177 294 3256; x_wconf 85' lang='lat' dir='ltr'>exhibiti,</span> <span class='ocrx_word' id='word_1_236' title='bbox 311 3179 337 3240; x_wconf 88' lang='lat' dir='ltr'>si</span> <span class='ocrx_word' id='word_1_237' title='bbox 352 3181 459 3240; x_wconf 89' lang='lat' dir='ltr'>tamen</span> <span class='ocrx_word' id='word_1_238' title='bbox 474 3181 583 3239; x_wconf 87' lang='lat' dir='ltr'>contra</span> <span class='ocrx_word' id='word_1_239' title='bbox 596 3177 674 3240; x_wconf 90' lang='lat' dir='ltr'>illud</span> <span class='ocrx_word' id='word_1_240' title='bbox 695 3177 851 3244; x_wconf 89' lang='lat' dir='ltr'>sententia</span> <span class='ocrx_word' id='word_1_241' title='bbox 867 3177 932 3238; x_wconf 88' lang='lat' dir='ltr'>lata</span> <span class='ocrx_word' id='word_1_242' title='bbox 950 3176 1000 3254; x_wconf 86' lang='lat' dir='ltr'>sit,</span> <span class='ocrx_word' id='word_1_243' title='bbox 1015 3195 1088 3238; x_wconf 89' lang='lat' dir='ltr'>sen-</span> 
     </span>
    </p>
   </div>
   <div class='ocr_carea' id='block_1_8' title="bbox 150 3269 1086 3553">
    <p class='ocr_par' dir='ltr' id='par_1_8' title="bbox 150 3269 1086 3553">
     <span class='ocr_line' id='line_1_32' title="bbox 151 3269 1086 3350; baseline -0.002 -16"><span class='ocrx_word' id='word_1_244' title='bbox 151 3270 283 3334; x_wconf 85' lang='lat' dir='ltr'>tentiam</span> <span class='ocrx_word' id='word_1_245' title='bbox 303 3271 490 3350; x_wconf 85' lang='lat' dir='ltr'>impugnare</span> <span class='ocrx_word' id='word_1_246' title='bbox 506 3270 593 3348; x_wconf 88' lang='lat' dir='ltr'>velit,</span> <span class='ocrx_word' id='word_1_247' title='bbox 611 3269 685 3349; x_wconf 84' lang='lat' dir='ltr'>quia</span> <span class='ocrx_word' id='word_1_248' title='bbox 699 3269 856 3331; x_wconf 85' lang='lat' dir='ltr'>sententia</span> <span class='ocrx_word' id='word_1_249' title='bbox 870 3269 965 3332; x_wconf 91' lang='lat' dir='ltr'>etiam</span> <span class='ocrx_word' id='word_1_250' title='bbox 976 3274 1086 3332; x_wconf 88' lang='lat' dir='ltr'>contra</span> 
     </span>
     <span class='ocr_line' id='line_1_33' title="bbox 151 3361 1084 3449; baseline 0 -23"><span class='ocrx_word' id='word_1_251' title='bbox 151 3363 214 3426; x_wconf 83' lang='lat' dir='ltr'>tale</span> <span class='ocrx_word' id='word_1_252' title='bbox 228 3363 499 3443; x_wconf 73' lang='lat' dir='ltr'>privilegiumlata</span> <span class='ocrx_word' id='word_1_253' title='bbox 509 3362 693 3449; x_wconf 76' lang='lat' dir='ltr'>tenet,quia</span> <span class='ocrx_word' id='word_1_254' title='bbox 705 3363 732 3422; x_wconf 89' lang='lat' dir='ltr'>si</span> <span class='ocrx_word' id='word_1_255' title='bbox 741 3361 914 3428; x_wconf 88' lang='lat' dir='ltr'>exhibitum</span> <span class='ocrx_word' id='word_1_256' title='bbox 923 3362 954 3424; x_wconf 93' lang='lat' dir='ltr'>in</span> <span class='ocrx_word' id='word_1_257' title='bbox 964 3363 1084 3444; x_wconf 85' lang='lat' dir='ltr'>judicio</span> 
     </span>
     <span class='ocr_line' id='line_1_34' title="bbox 150 3454 1085 3553; baseline 0.002 -34"><span class='ocrx_word' id='word_1_258' title='bbox 150 3455 219 3538; x_wconf 76' lang='lat' dir='ltr'>tuit,</span> <span class='ocrx_word' id='word_1_259' title='bbox 237 3460 269 3521; x_wconf 90' lang='lat' dir='ltr'>ct</span> <span class='ocrx_word' id='word_1_260' title='bbox 282 3459 388 3520; x_wconf 84' lang='lat' dir='ltr'>tamen</span> <span class='ocrx_word' id='word_1_261' title='bbox 399 3461 513 3553; x_wconf 68' lang='lat' dir='ltr'>¹contra</span> <span class='ocrx_word' id='word_1_262' title='bbox 523 3455 602 3518; x_wconf 88' lang='lat' dir='ltr'>illud</span> <span class='ocrx_word' id='word_1_263' title='bbox 611 3454 789 3550; x_wconf 80' lang='lat' dir='ltr'>judicatum</span> <span class='ocrx_word' id='word_1_264' title='bbox 798 3455 866 3536; x_wconf 88' lang='lat' dir='ltr'>fuit,</span> <span class='ocrx_word' id='word_1_265' title='bbox 883 3457 1085 3540; x_wconf 73' lang='lat' dir='ltr'>presumitur</span> 
     </span>
    </p>
   </div>
   <div class='ocr_carea' id='block_1_9' title="bbox 0 0 1298 4020">
    <p class='ocr_par' dir='ltr' id='par_1_9' title="bbox 0 0 1298 4020">
     <span class='ocr_line' id='line_1_35' title="bbox 0 0 1298 4020; baseline 0 5"><span class='ocrx_word' id='word_1_266' title='bbox 0 0 1298 4020; x_wconf 95' lang='lat' dir='ltr'> </span> 
     </span>
    </p>
   </div>
  </div>
 </body>
</html>
