2586 4020
437 295 475 352 ric
497 295 642 354 curario
658 294 819 356 rcctu'sru
832 297 939 355 salac.
1071 283 1142 355 'lia

209 453 298 562 labit·
313 470 376 560 uon
402 453 468 514 tam
490 451 574 533 jura·
591 451 738 514 Ecclesiae
762 469 858 532 quam
878 451 952 532 jura
973 451 1029 513 Dei
1041 461 1057 530 ‚'
1070 451 1144 535 juta

213 547 559 718 hoffilfflffigpraelatio
566 639 646 720 juris
657 638 858 701 ecclesiastici
866 638 932 720 juri
946 639 1027 700 civili
1038 639 1142 702 doceri

211 738 314 813 potest
334 732 429 796 etiam
453 749 491 792 cx
518 751 554 793 eo
581 733 764 812 quodlicet
794 735 926 812 utraque
950 735 1087 813 potestas
1112 732 1144 793 in
1234 786 1236 790 .

213 826 322 888 ordine
338 845 394 907 suo
409 825 448 888 sit
462 824 814 904 indepeudcnS,‚tameu
829 825 900 886 finis
916 828 946 886 ct
961 825 1037 887 ordo
1052 826 1144 887 unitis

212 924 322 998 suapte
338 923 452 1002 natura
469 919 523 980 fini
533 909 534 912 '
544 923 574 980 et
591 918 692 980 ordini
706 919 833 981 alterius
847 918 1069 981 subordinatus
1085 922 1141 981 est.

213 1015 355 1092 Namque
371 1012 442 1073 finis
461 1011 679 1073 ecclesiasticae
698 1011 861 1092 potcstatis
876 1011 1004 1072 cattinis
1019 1014 1144 1074 aeternae

213 1105 426 1182 beatitudinis,
442 1105 513 1166 finis
527 1105 661 1184 politicae
673 1104 867 1184 auctoritatis
882 1108 930 1167 est
942 1107 1145 1184 temporanea

212 1198 364 1272 felicitas;
386 1198 454 1260 haec
481 1201 622 1276 tempore
647 1201 678 1260 et
704 1197 869 1259 duratione
891 1197 1142 1277 circumscripta,

213 1293 274 1353 alia
288 1310 350 1354 nou
366 1291 421 1364 sic.
439 1291 522 1352 Finis
546 1290 765 1352 ecclesiasticae
790 1290 984 1354 auctoritatis
1007 1291 1145 1353 cattinis

212 1385 339 1448 ultimus
364 1385 544 1461 huminum,
568 1383 713 1465 proprius
733 1383 873 1445 omnium
899 1384 1063 1446 hominurn
1091 1384 1144 1464 qui

213 1497 352 1558 eousque
373 1477 555 1539 extenditur
583 1495 746 1558 quousque
771 1477 948 1539 extenditur
970 1477 1144 1539 humanum

212 1591 325 1652 geuus3
346 1565 416 1632 finis
433 1575 538 1632 aulem
553 1571 687 1651 politicae
702 1570 897 1632 auctoritatis
912 1573 958 1632 est
972 1571 1042 1632 finis
1054 1571 1145 1633 terri-

212 1665 292 1728 torio
308 1653 445 1745 quodam
456 1664 720 1744 circumscriptus,
732 1665 832 1743 qualis
844 1668 891 1726 est
899 1663 970 1725 finis
981 1665 1145 1746 cujusdam

211 1757 379 1836 peculiaris
394 1758 628 1838 aggregationis
640 1757 803 1817 hominum
819 1775 889 1836 quac
909 1757 1022 1818 dicitur
1038 1769 1144 1836 respu-

211 1851 293 1912 blica
315 1854 345 1912 et
367 1854 466 1913 status
488 1851 597 1912 civilis.
615 1849 699 1910 Finis
714 1850 933 1911 ecclesiasticae
952 1850 1145 1912 auctoritatis

106 2023 112 2030 .
213 1951 260 2005 est
271 1943 342 2005 finis
357 1945 499 2006 absolute
514 1963 534 2004 a
547 1947 610 2004 Deo
622 1943 770 2019 intentus,
779 1943 850 2003 finis
863 1942 916 2024 qui
929 1961 1002 2003 vere
1017 1946 1047 2002 et
1060 1943 1144 2004 omni

213 2055 306 2098 sensu
330 2039 377 2097 cst
398 2036 488 2098 finis:
511 2041 557 2098 est
570 2036 653 2096 enim
674 2035 822 2108 ultimus;
844 2035 900 2096 scd
914 2035 984 2096 finis
1009 2033 1144 2114 politicae

212 2129 405 2191 auctoritatis
423 2136 470 2190 est
490 2129 560 2190 finis
582 2128 784 2207 hypothetice
800 2128 923 2188 tantum
936 2127 1090 2204 intentuS,
1111 2127 1144 2188 in

212 2226 364 2302 quantum
374 2241 446 2284 cum
456 2223 518 2283 fine
529 2221 638 2284 ultimo
648 2219 786 2295 hominis
794 2219 955 2282 conciliari
964 2224 1077 2300 potest,
1090 2220 1143 2301 qui

211 2313 244 2375 in
263 2315 496 2395 comparatione
514 2315 555 2375 ad
575 2314 671 2374 finem
692 2313 838 2375 ultimum
853 2312 949 2375 hahet
966 2313 1070 2392 potius
1093 2331 1144 2374 ra-

211 2408 329 2470 tionem
345 2407 553 2487 medii‘quam
565 2407 646 2468 finis.
1112 2407 1114 2410 ’

251 2501 323 2562 Jam
334 2517 409 2562 vero
427 2500 640 2581 unusquisque
655 2500 742 2562 videt
759 2500 916 2581 quomodo
935 2499 1005 2560 finis
1024 2505 1143 2580 tempo-

212 2592 286 2654 ralis
300 2592 476 2670 solicitata,
500 2592 571 2654 finis
592 2593 817 2670 secundarius,
833 2591 1030 2674 particularis
1045 2592 1143 2674 hypo-

212 2685 327 2749 thetice
351 2686 492 2748 intentus
516 2686 611 2747 debet
629 2686 685 2746 fini
700 2686 827 2762 ultimo,
845 2689 969 2748 aeternae
985 2685 1140 2761 felicitati,

213 2779 354 2841 absolute
380 2783 412 2840 et
435 2779 648 2858 principaliter
672 2778 859 2839 in-homine
887 2797 907 2838 a
931 2779 996 2838 Dso
1022 2778 1142 2839 intento

212 2871 421 2934 subordinari.

252 2969 294 3028 Ut
305 2984 379 3046 ergo
393 2968 453 3027 stet
472 2964 548 3026 ordo
562 2965 595 3024 in
612 2963 722 3026 ultima
738 2965 860 3044 analysi
874 2983 894 3026 a
908 2965 972 3026 Dco
988 2964 1140 3040 intentus,

211 3063 286 3120 tuuc
309 3058 436 3138 incipiet
460 3058 606 3136 princeps
632 3057 778 3118 ordinare
803 3059 963 3118 hominem
988 3057 1021 3117 iu
1047 3057 1143 3117 tinem

212 3151 386 3213 communis
396 3149 750 3228 felicitatisreipuhlicee‚
760 3151 885 3230 quando
896 3149 970 3212 satis
981 3149 1143 3212 ordinatus

212 3249 260 3308 est
275 3263 331 3326 per
348 3243 522 3306 Ecclesiam
540 3245 572 3303 in
594 3243 690 3304 finem
713 3243 876 3320 ultimum,
893 3262 949 3304 seu
968 3244 1055 3306 salvo
1070 3243 1142 3324 jure

212 3336 420 3400 ecclesiastico
452 3337 581 3416 incipiet
598 3335 650 3417 jus
674 3336 785 3397 civile:
812 3355 875 3398 nou
903 3339 950 3398 est
974 3337 1026 3417 jus
1051 3337 1142 3398 civile

181 3471 184 3476 -
212 3449 323 3494 norma
345 3431 518 3492 secundum
533 3449 627 3510 quam
647 3429 742 3492 debet
758 3429 936 3493 coordinari
945 3430 998 3512 jus
1018 3429 1142 3492 canoni-

213 3541 300 3601 cum,
317 3522 373 3584 sed
394 3523 462 3585 rice
476 3533 596 3602 uersa:
617 3522 659 3586 ioi
683 3522 811 3604 incipiet
825 3522 897 3606 jure
915 3543 972 3586 suo
997 3522 1142 3603 princeps
