2586 4020
584 276 623 324 or
644 274 783 324 terreus.
1113 262 1169 322 las

235 422 324 485 heea
334 421 406 502 jure
423 435 618 497 eoncessum,
635 420 685 481 vel
705 438 724 480 a
732 419 839 501 judice
861 435 934 480 oum
952 417 1079 482 lieentia
1089 417 1170 502 juris

235 517 398 596 praefixum
419 516 544 593 tempus
565 531 639 575 suos
662 514 820 592 apostoles
838 531 901 574 non
919 513 1167 594 praesentaverit,
1241 508 1244 512 ’

236 614 266 673 et
278 607 522 689 appellationem
537 625 627 688 suain
640 623 702 668 non
712 606 921 668 introduxerit
933 605 1018 687 apud
1029 605 1170 686 judicem

236 703 276 764 ad
291 721 395 782 quem,
414 702 539 762 deserta
550 704 716 762 censeatur
727 701 907 780 appellatio.

275 799 307 856 4⁰
319 794 407 855 Intro
426 792 507 877 qood
518 801 630 874 tempus
644 794 796 874 appellens
803 793 945 875 prosequi
954 791 1055 854 debeat
1069 793 1172 875 oppet-

237 889 383 966 lationem,
398 895 427 948 et
450 887 549 969 finire.
571 889 679 948 Annus
701 887 869 966 appellanti
892 886 984 948 datur
1009 887 1171 966 adprosa-

238 982 414 1062 quendam,
440 984 471 1041 et
491 979 663 1041 finiendam
688 980 942 1059 appellationem,
970 983 1001 1041 et
1027 999 1065 1040 ex
1084 979 1171 1061 justa

237 1093 333 1138 eausa
353 1072 531 1136 necessaria
549 1076 581 1134 et
595 1073 743 1148 evidenti,
759 1073 931 1150 biennium,
949 1072 993 1134 ita
1014 1075 1121 1135 tamen
1135 1075 1171 1136 ut
1266 1121 1268 1125 .

231 1167 330 1250 judici
346 1186 448 1247 aquo,
460 1169 526 1228 tam
541 1166 711 1243 ordinario,
729 1185 824 1246 quam
836 1167 981 1247 delegato
991 1166 1085 1230 lineat
1097 1167 1172 1228 hre-

235 1262 305 1322 vius
320 1261 415 1324 etiam
429 1263 553 1338 tempus
566 1260 729 1338 prefigere
745 1259 786 1320 ad
798 1260 1050 1341 prosequendam
1065 1261 1170 1339 appel-

233 1353 1171 1434 lationemsuam‚quodtempussinonobservaveritappel-

233 1449 301 1509 lans
312 1447 353 1508 ad
363 1446 616 1527 prosequendam
626 1464 716 1508 suam
727 1446 989 1526 appellationem,
1004 1449 1170 1509 censeatur

235 1540 477 1620 appellationem
503 1558 592 1600 suam
621 1539 818 1617 deseruisse,
842 1538 908 1600 sive
931 1538 1091 1620 judicialis
1117 1539 1170 1602 illa

235 1633 402 1714 appellatio
415 1633 509 1694 fuerit
519 1631 763 1714 extrajudieialis
774 1653 781 1708 ;
793 1651 865 1694 eum
878 1632 918 1694 sit
931 1632 1043 1694 eadem
1053 1631 1170 1694 utrobi-

235 1745 296 1808 que
309 1725 400 1803 ratio,
412 1745 451 1787 ne
463 1726 595 1787 nimium
609 1725 727 1787 seilioet
741 1726 781 1787 ad
794 1727 1047 1806 prosequendam
1062 1726 1170 1805 appel-

234 1819 385 1882 lationem
394 1825 520 1898 tempus
528 1819 744 1899 prolongetur,
754 1822 785 1880 et
799 1836 838 1878 ne
852 1819 1097 1898 nimiumetiam
1106 1837 1169 1880 res·

235 1913 404 1992 tringatur.

273 2005 401 2068 Interim
421 2011 539 2082 tamen,
563 2003 713 2085 impedito
736 2023 850 2085 agere,
880 2008 912 2067 et
926 2005 1169 2085 appellationem

155 2124 160 2129 ·
235 2099 394 2179 prosequi,
425 2117 484 2160 neo
509 2099 633 2176 annale,
659 2116 718 2178 neo
735 2098 881 2161 biennale
906 2102 1032 2178 tempus
1058 2099 1166 2179 ourrit,

236 2211 307 2254 eum
332 2192 407 2274 hoo,
423 2197 547 2270 tempus
577 2191 618 2252 ad
641 2191 895 2270 prosequendam
924 2192 1169 2270 appellationem

234 2284 410 2348 remedium
424 2284 563 2366 suijuris
579 2283 783 2360 defendendi,
806 2284 882 2345 utile
907 2285 1078 2363 appellanti
1100 2303 1168 2347 esse

236 2379 360 2441 debeat.

276 2474 369 2535 XVII.
394 2471 483 2545 Quod
506 2470 657 2550 impedito
672 2470 811 2550 legitime
830 2471 914 2533 intra
930 2471 1004 2534 anni
1017 2471 1168 2534 authien-

235 2565 278 2626 nii
290 2571 414 2646 tempus
427 2564 670 2645 appellationem
679 2565 898 2646 interpositam
912 2565 1072 2646 prosequi,
1089 2568 1169 2627 tem-

235 2675 294 2738 pus
306 2658 367 2720 hoe
386 2677 449 2720 non
474 2661 594 2736 currat,
615 2658 671 2720 sed
691 2663 764 2738 post
779 2679 907 2737 annum,
927 2659 983 2722 aut
1006 2659 1169 2721 biennium

237 2753 379 2832 elapsum
387 2751 635 2832 adappellationi
645 2753 898 2830 prosecutionem
908 2753 960 2814 hio
971 2753 1165 2830 admittatur,

236 2863 275 2906 ex
289 2844 379 2909 dietis
392 2847 488 2923 patet,
506 2863 545 2904 ne
566 2843 786 2923 praejuditium
804 2863 900 2924 grave
916 2846 973 2906 tali
986 2849 1165 2924 generetur,

237 2943 267 2999 et
280 2957 298 2998 a
306 2937 378 3019 jure
389 2955 445 2998 suo
460 2935 670 3016 impetrando,
692 2935 759 2998 sine
774 2957 833 2999 sua
846 2939 940 3016 eulpa
952 2937 1085 2998 excidat.

274 3033 310 3093 ln
325 3031 428 3110 speeie
451 3047 526 3091 vero
548 3047 603 3090 sex
623 3029 831 3093 communiter
852 3031 1078 3110 impedimenta
1093 3031 1169 3091 affe-

237 3127 360 3201 runtur,
375 3125 415 3186 oh
429 3141 499 3204 quae
525 3120 686 3202 appellans
711 3122 806 3184 etiam
829 3127 901 3202 post
919 3125 1061 3204 elapsum
1080 3123 1164 3200 anui,

237 3223 291 3279 aut
308 3217 427 3279 biennii
452 3220 577 3297 tempus
593 3213 716 3277 admitti
738 3215 833 3279 debet
847 3216 887 3278 ad
915 3217 1167 3298 prosequendam

236 3310 488 3391 appellationem.
506 3310 646 3371 Primum
665 3314 711 3369 est
725 3309 920 3389 impotentia,
937 3314 1067 3391 propter
1080 3310 1167 3372 infir-

235 3403 388 3482 mitatem,
414 3423 443 3466 v.
467 3421 498 3483 g.
524 3405 754 3484 paupertatem,
772 3406 845 3482 ete,
872 3411 907 3466 ut
929 3403 1079 3486 prosequi
1102 3421 1165 3466 non

235 3495 334 3576 possit
347 3497 589 3577 appellationem
602 3496 686 3560 intra
695 3497 819 3578 tempus
830 3499 1030 3562 eonveniens.
