2586 4020
385 237 423 286 nr
445 235 586 286 utronno
608 235 761 286 arctans
782 235 888 288 srtrc.
1046 225 1103 287 tta

174 381 273 467 ipsius
283 381 431 462 hominis,
442 401 505 464 qua
519 384 614 447 homo
624 388 681 463 est,
694 384 825 464 proinde
838 402 899 446 non
912 384 1008 446 habet
1017 385 1109 448 terri-

173 478 255 542 toria
274 478 387 558 quibus
405 478 614 557 restringatur
634 483 742 559 estque
767 478 953 540 eminentior
973 478 1108 556 politicis

174 570 453 652 aggregationibus
467 591 474 632 ε
486 574 607 651 spectat
618 572 803 632 enimfinem
814 575 955 632 enatura
967 571 1108 633 absolute

173 666 339 742 intentum,
347 683 410 726 non
418 663 564 738 relative3
583 664 670 744 prius
682 664 776 726 debet
785 663 924 728 ordinari
935 664 1030 726 homo
1045 681 1108 745 qua

175 759 270 820 homo
291 760 348 836 est,
366 757 480 818 deinde
495 757 590 819 homo
605 776 668 837 qua
683 757 758 818 civis
774 760 830 819 est.

213 855 251 915 ll.
275 851 320 912 De
333 849 522 912 relationibus
537 850 615 912 inter
628 859 791 932 utrumqne.
806 851 866 913 Sed
880 851 998 912 hahent
1007 851 1108 912 ambae

173 944 337 1006 societates
364 961 460 1004 unum
481 961 667 1021 commune,
689 944 850 1006 hominem
875 938 927 1025 qui
955 951 1109 1024 tanquam

173 1037 360 1100 christianus
376 1044 423 1098 est
436 1037 615 1098 membrum
627 1036 792 1115 Ecclesia,
809 1044 962 1117 tanquam
971 1037 1049 1099 civis
1062 1039 1109 1098 est

172 1131 351 1193 membrum
365 1131 465 1192 civilis
477 1130 650 1206 societatis3
664 1131 747 1192 unde
762 1135 886 1212 oportet
902 1131 991 1212 (eum
1003 1130 1109 1192 omnia

173 1244 243 1306 quae
257 1243 275 1284 a
287 1226 352 1286 Deo
367 1226 455 1300 sunt,
471 1223 616 1285 ordinata
630 1222 707 1303 sint)
728 1230 763 1285 ut
782 1223 898 1304 duplex
919 1224 1106 1300 auctoritem,

174 1336 244 1399 quar
260 1317 343 1378 huuc
359 1316 520 1379 hominem
535 1316 683 1378 eumdem
695 1316 736 1377 ad
751 1316 876 1378 diversa
891 1317 998 1396 dirigit
1014 1337 1021 1378 :

213 1414 247 1472 lo
267 1410 395 1473 Limites
406 1409 439 1470 in
454 1409 564 1471 ordine
578 1409 620 1470 ad
634 1411 731 1472 finem
743 1413 857 1488 servet,
874 1410 962 1490 prius
978 1409 1110 1472 servatis

176 1523 246 1585 quae
262 1503 398 1566 hominis
411 1505 446 1565 ut
460 1501 621 1565 christiani
636 1500 728 1579 sunt}

212 1601 244 1660 2⁰
264 1597 402 1658 Invicem
415 1616 448 1658 se
462 1599 630 1676 protegant
644 1600 675 1658 θῖ
690 1596 853 1678 adjurent.

212 1691 300 1753 Licet
313 1690 455 1752 Ecclesia
469 1693 501 1752 et
515 1694 614 1752 status
629 1690 691 1752 sint
705 1691 776 1752 duae
794 1692 961 1753 societates
976 1691 1017 1752 ab
1031 1689 1111 1753 iuvi-

125 1857 126 1860 ,
174 1801 243 1847 cem
258 1783 413 1846 distinctae
429 1786 460 1846 θῖ
471 1783 738 1865 independentes,
757 1788 792 1846 ut
811 1803 883 1847 reor
897 1803 948 1846 me
961 1783 1111 1848 demons-

173 1883 274 1939 trasse
291 1877 323 1937 in
341 1875 496 1956 prooemio
513 1876 608 1957 hujus
624 1877 830 1954 tractationis,
841 1896 904 1939 non
916 1877 987 1938 ideo
1002 1881 1109 1939 tamen

174 1971 276 2031 nullas
300 1961 420 2031 habent
438 1969 616 2050 reciprocas
633 1970 845 2052 obligationes
861 1969 943 2032 inter
962 1989 1006 2032 sc.
1029 1971 1109 2031 Nam

175 2064 358 2126 autonomia
379 2083 441 2144 qua
464 2063 604 2142 gaudent
620 2079 658 2124 ex
680 2063 786 2125 indole
805 2081 869 2126 suae
884 2063 1105 2142 institutionis,

173 2157 279 2218 reddit
297 2155 425 2237 quidem
445 2173 500 2218 aas
521 2175 671 2236 personas
684 2157 839 2237 perlectas
853 2157 963 2237 suique
975 2155 1055 2238 juris
1073 2158 1111 2238 in·

175 2249 286 2311 ordine
300 2249 429 2328 morali,
450 2249 506 2311 sed
526 2250 670 2312 amorali
693 2250 802 2311 ordine
817 2266 878 2312 non
896 2250 1013 2312 eximit.
1034 2251 1106 2312 Jam

174 2359 251 2405 vero
264 2341 392 2404 moralis
407 2342 481 2405 unio
494 2343 556 2405 duo
568 2343 700 2423 requirit
714 2363 721 2405 :
739 2346 770 2405 l⁰
782 2362 822 2404 ne
834 2342 925 2404 alteri
935 2345 1105 2417 noceatur;

155 2439 206 2498 Ψ
220 2438 255 2497 θῖ
270 2435 398 2498 alterius
419 2435 544 2498 utilitati
564 2437 732 2514 serviatur,
750 2455 805 2498 seu
827 2436 913 2517 quod
930 2435 1016 2497 idem
1035 2438 1105 2497 est:

175 2529 206 2590 l⁰
219 2532 254 2590 ut
267 2547 324 2590 sua
339 2528 452 2608 cuique
461 2528 535 2609 J'ura
553 2533 638 2592 sarta
654 2533 800 2611 tectoque
819 2531 899 2606 siut;
922 2535 954 2592 2⁰
963 2532 1000 2602 ut
1011 2529 1108 2591 alium

174 2626 327 2702 quantum
347 2639 514 2702 possumus
532 2622 699 2704 juvemus;
725 2624 774 2686 his
792 2623 914 2686 duobus
933 2623 1108 2686 officiorum
1196 2693 1199 2702 ‚

174 2716 329 2796 capitibus
342 2719 404 2778 stat
419 2716 495 2778 crdo
510 2717 648 2780 moralia.

216 2809 284 2872 Sint
297 2828 372 2889 erge
387 2809 456 2870 haec
467 2815 501 2870 ut
511 2809 666 2890 principia
675 2811 788 2891 quibus
795 2809 868 2891 jura
880 2814 912 2872 θῖ
924 2810 1026 2872 officia
1036 2829 1106 2890 quae

174 2900 314 2966 Ecclesia
328 2909 359 2964 et
373 2906 472 2965 status
495 2904 536 2964 ad
553 2903 686 2964 invicem
708 2903 839 2980 habent,
857 2903 1059 2965 dimetiantur
1072 2909 1107 2963 ut

173 3000 285 3059 neutra
297 2993 456 3058 societatis
471 2996 599 3058 alterius
616 2995 691 3077 jura
709 2996 824 3074 violet,
845 2999 878 3057 ut
896 3015 959 3057 una
974 2997 1106 3057 alteram
1136 3078 1140 3083 .

173 3094 328 3171 quantum
346 3093 449 3170 potest
466 3089 613 3171 adjuvet,
634 3096 665 3151 et
688 3089 732 3151 ita
755 3107 953 3170 unaquaeque
973 3089 1105 3152 societas

173 3187 362 3265 cooperetur
373 3183 427 3243 tini
443 3183 580 3245 auctoris
596 3183 654 3247 sui.

212 3279 331 3342 Verum
345 3277 512 3340 societates
527 3295 590 3339 non
606 3281 775 3358 operantur
795 3295 852 3357 per
870 3294 903 3338 se
921 3276 1011 3338 sicuti
1026 3276 1104 3338 indi·

170 3371 286 3450 vidua,
302 3371 357 3432 sed
371 3389 429 3450 per
444 3389 564 3450 organa
578 3389 643 3434 suae
661 3369 856 3434 auctoritatis
874 3388 892 3430 a
912 3389 974 3451 qua
992 3372 1105 3452 guber-

171 3469 301 3543 nantum
319 3483 396 3548 ergo
411 3467 478 3529 tota
492 3465 667 3552 disquisitio
683 3466 722 3528 de
737 3464 889 3529 relatione
903 3465 985 3530 inter
999 3465 1104 3529 Eccle-
