2578 4012
166 235 225 298 226
384 245 715 296 1nsr1unrionesrun1s
737 245 892 294 66666161.

204 395 236 454 3⁰
257 393 365 472 Neque
379 395 481 472 potest
495 410 619 453 sumere
633 393 819 471 puramente
837 390 876 452 de
897 390 999 468 elteri,
1021 390 1100 471 quie

165 487 226 550 hoc
251 486 355 548 fecere
384 485 457 548 solis
475 485 628 565 episcopis
652 484 843 564 permittitur
867 484 990 564 (eedem
1011 501 1095 546 sacr.

165 580 226 642 Rit.
244 598 335 659 cong.
358 583 376 639 7
395 579 454 660 jul.
471 578 577 656 1611);
601 577 659 640 nisi
677 583 807 657 propter
823 576 1040 638 necessitatem
1054 577 1099 638 ob

164 672 225 734 loci
241 671 418 752 angustient
429 671 463 732 id
477 671 588 749 166161,
606 671 650 732 uti
672 670 723 731 ulii
748 670 927 732 sacerdotes
950 668 981 729 in
1002 669 1099 730 simili

166 783 239 828 essu
254 765 392 842 faciunt,
409 766 441 826 et
466 766 540 827 tuno
558 764 627 843 ipse
648 765 844 842 puramente,
860 761 971 824 nonin
988 762 1097 823 medio

164 857 265 936 611611,
280 857 336 920 sed
349 857 382 918 in
394 876 491 919 cornu
505 856 659 937 evangelii
674 874 798 918 sumere
814 855 919 932 debet,
938 859 973 917 ut
989 855 1097 918 deols·

162 950 364 1014 raviteadem
375 952 445 1013 Sec.
463 951 522 1014 Rit.
538 969 630 1030 cong.
649 949 688 1010 de
699 949 749 1010 die
762 953 780 1010 7
792 948 850 1030 jul.
868 950 956 1010 1611.

202 1047 234 1104 1ο
255 1045 317 1105 Ν66
334 1046 438 1123 potest
450 1044 496 1104 uti
509 1043 645 1106 vicarius
659 1041 816 1122 generalis
830 1041 941 1104 misses
958 1059 1095 1104 conven-

163 1135 263 1198 tuales
276 1138 330 1198 aut
343 1136 537 1216 pontificales
551 1135 721 1213 celebrere,
736 1153 794 1196 neo
810 1136 841 1198 S.
860 1136 892 1197 S.
910 1136 1094 1198 Sacramen-

162 1233 294 1291 tument
307 1248 412 1292 secius
426 1229 573 1312 reliquias
587 1233 714 1309 penetus
734 1229 877 1306 deferre,
894 1247 952 1290 neo
973 1227 1040 1290 eliis
1059 1247 1094 1290 se

163 1321 338 1384 immiscere
369 1323 581 1386 functionibus
608 1321 845 1398 ecelesiasticis,
883 1322 938 1384 sed
971 1324 1094 1382 tentum

163 1433 297 1494 praeesse
309 1419 344 1477 ut
356 1415 461 1478 omnia
472 1435 528 1477 suo
549 1415 658 1478 ordine
672 1416 761 1477 fient.
776 1415 859 1494 (Sao.
881 1416 979 1494 Gong.
995 1413 1089 1495 episc.

165 1509 202 1570 19
218 1511 297 1586 sept.
315 1510 403 1584 1627,
422 1507 506 1586 apud
518 1507 663 1587 Barbos.)

141 1655 148 1660 .
202 1602 235 1659 5⁰
255 1600 361 1682 Neque
375 1603 477 1682 potest
492 1600 626 1662 vicarius
639 1599 796 1680 generalis
816 1600 861 1662 uti
879 1601 993 1662 ennulo
1015 1602 1092 1661 tem-

163 1709 239 1770 pore
252 1709 313 1772 quo
326 1691 474 1768 celebret,
495 1691 568 1753 licet
590 1691 629 1754 sit
649 1692 881 1772 protonotarius
902 1691 1092 1772 apostolicus

163 1802 225 1845 non
252 1784 443 1864 participans
471 1785 638 1866 (6661111.
662 1804 754 1865 cong.
775 1788 809 1849 11
832 1786 911 1848 febr.
936 1785 1036 1865 1613),
1060 1788 1092 1847 61

163 1877 387 1956 multominus,
404 1877 430 1939 si
442 1878 482 1940 sit
499 1877 667 1942 cononicus
686 1877 885 1940 cathedralis.
904 1878 991 1958 (uad.
1007 1895 1088 1940 seor.

163 1969 224 2032 Rit.
243 1989 334 2050 cong.
346 1975 385 2033 29
395 1989 468 2032 nov.
485 1971 585 2050 1629.)

200 2067 232 2124 6⁰
253 2063 314 2125 Neo
333 2068 436 2142 potest
449 2064 616 2144 prohibere
639 2063 864 2142 canonicique
884 2063 1022 2126 officium
1044 2063 1091 2124 in-

162 2154 303 2234 choetur,
328 2157 427 2218 donec
440 2156 506 2236 ipse
527 2157 654 2233 veniet,
679 2157 753 2236 quie
776 2157 881 2218 stetim
903 2157 977 2218 deto
1000 2157 1090 2236 signo

162 2250 208 2310 est
222 2247 435 2312 inchoandum
450 2251 523 2330 (soc.
538 2250 599 2312 Rit.
615 2269 705 2331 cong.
722 2253 759 2312 25
773 2249 851 2312 febr.
865 2249 972 2330 1606);
986 2267 1089 2329 neque

161 2342 367 2419 praetendere,
382 2346 417 2404 ut
426 2344 486 2422 ipsi
499 2344 627 2404 missam
642 2344 813 2405 solemnem
832 2343 1001 2406 celebranti
1016 2361 1090 2404 cnu-
1182 2355 1185 2358 ’

159 2433 255 2509 16611,
283 2435 614 2513 66616166166666161,
645 2441 676 2498 et
700 2437 817 2500 1661661
842 2437 993 2499 circulum
1016 2438 1089 2500 ente

160 2527 273 2604 ipsum.
292 2526 375 2604 (Sec.
391 2527 450 2588 ltit.
464 2547 555 2608 cong.
572 2532 592 2590 8
605 2532 697 2591 mart.
712 2531 816 2610 1593.)

200 2621 307 2697 Neque
332 2622 435 2696 potest
458 2620 534 2682 dare
555 2622 807 2684 benedictionem
829 2623 974 2700 diacono,
1000 2625 1089 2684 ente-

160 2730 256 2792 qnem
270 2714 375 2775 cantet
388 2713 598 2792 evangelium,
620 2733 721 2795 neque
735 2717 920 2778 benedicere
937 2715 1091 2794 proed-ioe-

159 2806 230 2883 tori‚
248 2811 417 2886 antequem
432 2807 587 2886 pulpitum
602 2809 761 2871 escendat.
786 2809 867 2890 (Sec.
897 2808 957 2870 Rit.
982 2826 1087 2888 cong„

158 2899 191 2960 16
201 2902 329 2977 Ρ6666.,
349 2903 386 2961 17
397 2902 489 2964 murt.
503 2904 579 2962 1607
583 2946 591 2977 ,
608 2901 691 2980 apud
706 2902 840 2982 Pellegr.
855 2905 885 2964 61
894 2901 1039 2978 Barbos.)

199 2997 230 3053 '1⁰
251 2995 359 3074 Neque
373 2997 476 3073 potest
500 2994 651 3074 impedire
677 2996 762 3074 quod
782 2995 910 3074 perochi
926 2994 1089 3056 denuntie-

159 3085 739 3167 11666616616616666666661166666.
755 3088 857 3167 (Scor.
883 3089 980 3166 Cong.
997 3105 1085 3148 conc.

159 3181 197 3239 27
210 3184 303 3243 mort.
320 3183 408 3257 1617,
421 3181 505 3260 epod
516 3181 662 3262 Berbos.)

199 3271 233 3330 8⁰
244 3271 351 3350 Neque
359 3273 655 3351 potestintervenire
665 3272 813 3353 capitolo,
824 3271 896 3333 sisit
906 3276 1084 3351 exemptum

161 3363 261 3442 (Scor.
270 3365 367 3442 Gong.
379 3383 481 3442 6666,
490 3365 710 3445 epudBerboe)
721 3382 730 3438 ;
742 3364 825 3426 velsi
834 3364 934 3426 nolint
943 3366 1083 3428 66666161

161 3455 284 3546 (eedem
299 3455 385 3516 Scor.
396 3458 493 3534 Gong.
512 3474 599 3520 6666.
609 3457 867 3536 1661666166.,11
878 3457 968 3540 april.
978 3457 1080 3538 16361
