2584 4022
181 293 223 354 fil
383 303 612 352 tltsrlwrlottns
632 305 716 352 turus
737 305 892 354 GAltOlthl.

172 449 248 512 ¹rius
263 445 358 511 etiam
371 447 529 511 criminosi
539 450 670 512 accedat
684 449 900 529 denuntiatio,
920 453 994 528 eta,
1011 454 1117 532 potest

181 539 279 625 judex
296 559 359 604 non
372 546 495 605 tantum
508 543 549 605 ad
561 541 740 624 specialiter
753 541 986 624 inquirendum,
1004 545 1060 606 sed
1074 545 1114 606 ad

185 635 346 698 citandum
362 635 468 713 etiam,
486 637 676 718 capiendum
690 637 909 699 denuntiatum
923 639 1112 718 procedere,

185 732 364 790 nontamen
385 729 425 791 ad
441 729 725 807 condemnandum,
741 729 799 790 nisi
810 733 903 792 certae
914 730 1114 810 probationes

186 825 217 885 et
226 822 410 884 indubitatae
424 822 660 885 intervenerint.

225 917 276 979 Vl.
288 914 333 977 De
346 913 522 994 consessione
533 914 766 997 entrojudioioli,
779 915 897 997 ejusque
909 914 1023 996 effectu.
1035 915 1115 978 Gon·

186 1008 279 1070 fessio
288 1007 544 1088 extrajndicialis,
557 1013 646 1087 parte
658 1012 811 1088 prasente
823 1009 917 1086 faeta,
927 1011 1037 1070 etcum
1048 1027 1115 1089 spe-

188 1100 258 1164 ciali
274 1117 376 1162 oausae
391 1099 602 1180 expressione,
614 1101 646 1162 in
658 1101 759 1163 causis
772 1101 925 1178 civilibus,
941 1101 1032 1181 plene
1045 1119 1115 1180 pro·
1136 1143 1140 1150 -

189 1195 243 1256 bat
257 1192 419 1274 injudicio
437 1199 546 1256 contra
561 1194 780 1271 confitentem,
799 1194 824 1256 si
843 1193 966 1255 duobus
985 1193 1116 1254 testibus

189 1285 316 1367 probari
332 1285 450 1366 possit3
466 1289 556 1366 parte
576 1303 651 1348 vero
671 1287 799 1348 absente
821 1287 928 1363 facta,
947 1289 1001 1347 ant
1022 1303 1117 1346 causa

187 1379 273 1443 nulla
285 1378 412 1459 speciali
423 1397 580 1461 expresso,
592 1379 642 1442 vel
654 1379 732 1440 nihil
744 1380 866 1460 probat,
879 1378 929 1440 vel
939 1382 1061 1441 tentum
1070 1395 1117 1440 se-

187 1472 323 1551 miplene
339 1478 449 1533 contra
472 1473 682 1536 confitentem.
709 1473 774 1534 Nisi
789 1473 821 1532 in
838 1473 942 1552 priore
964 1491 1038 1533 casu
1053 1471 1118 1532 evi-

189 1565 299 1626 denter
311 1581 431 1625 errasse
442 1581 487 1641 se,
496 1580 570 1643 pars
580 1566 731 1626 confitens
739 1565 860 1644 probet,
874 1571 928 1625 aut
941 1580 998 1643 per
1008 1581 1117 1642 excep-

187 1657 305 1720 tionem
318 1675 381 1717 non
394 1658 565 1718 numerate
575 1656 727 1736 pecunia,
739 1675 770 1718 v.
784 1676 830 1738 g.,
843 1656 916 1718 elidi
930 1655 1028 1738 possit
1042 1675 1118 1717 con-

188 1749 292 1828 fessio,
307 1753 362 1812 aut
375 1750 432 1811 fiat
444 1751 567 1812 tantum
579 1767 635 1828 per
648 1748 747 1812 verba
759 1750 929 1827 narrative,
951 1751 1025 1822 ete.;
1040 1750 1071 1810 et
1084 1747 1117 1809 in

189 1841 361 1922 posteriore
374 1860 459 1919 casu,
471 1841 530 1902 nisi
544 1841 576 1902 in
587 1830 793 1903 instrumento
802 1841 885 1903 facta
898 1841 938 1903 sit
948 1840 1114 1917 confessio,

189 1938 244 1998 aut
256 1937 454 2012 testamento,
472 1933 522 1994 vel
536 1934 598 1994 alia
614 1933 723 1994 ult-ima
749 1933 920 2012 voluntate,
953 1934 1008 1994 aut
1030 1927 1118 2014 jura·

189 2029 295 2090 mento
307 2027 491 2088 confirmato
500 2025 550 2104 sit,
561 2028 616 2088 aut
628 2025 722 2089 fuerit
731 2027 891 2106 geminata
903 2043 966 2089 non
979 2043 1042 2088 uno
1052 2029 1119 2088 tan·
1178 2017 1182 2024 ’

189 2124 257 2183 tum
266 2123 419 2198 tempore,
431 2119 488 2181 sed
499 2138 537 2180 ex
553 2118 728 2194 intervallo,
740 2119 790 2181 vel
799 2119 883 2181 faeta
896 2116 992 2181 fuerit
1004 2136 1067 2180 non
1078 2116 1119 2178 ad

190 2213 404 2294 obligandum,
417 2213 472 2275 sed
483 2211 682 2275 liberandum
697 2213 736 2273 ab
749 2211 958 2291 obligatione,
974 2214 1034 2273 etc.
1047 2231 1055 2284 ;
1070 2210 1118 2272 his

191 2309 274 2369 enim
284 2307 316 2368 in
329 2307 452 2369 casibus
464 2305 588 2387 plenam
599 2304 815 2384 probationem
823 2305 908 2382 facit,
917 2303 1038 2366 etiamsi
1046 2321 1118 2382 pars
1219 2327 1225 2336 ·

191 2401 323 2464 adversa
347 2401 534 2464 confessioni
556 2397 611 2461 teli
635 2419 698 2463 non
719 2399 872 2476 adfuerit,
899 2401 953 2460 aut
975 2395 1118 2477 specialis

191 2509 285 2553 causa
296 2511 443 2570 expressa
452 2510 516 2555 non
530 2493 580 2555 sit.

230 2584 265 2642 ln
275 2583 377 2643 causis
390 2602 465 2642 vero
474 2584 697 2661 criminalibus
708 2584 860 2647 confessio
875 2582 1118 2666 extrajudicialis

190 2672 340 2734 indicium
354 2675 477 2736 tantum
491 2674 649 2736 sufficiens
662 2675 737 2742 facit
749 2676 789 2736 ad
804 2679 970 2754 torturam,
986 2676 1012 2737 si
1027 2677 1059 2736 in
1067 2677 1120 2758 ju·

192 2765 274 2828 dicio
301 2769 410 2829 contra
432 2767 632 2829 confitentem
660 2769 875 2847 producatur,
903 2788 966 2831 non
992 2769 1120 2850 quidem

194 2860 282 2940 quasi
301 2860 457 2922 sufficiens
471 2857 621 2922 indicium
637 2860 755 2923 laceret
777 2860 818 2921 ad
834 2864 989 2924 torturum
1007 2862 1091 2925 tertii
1108 2909 1116 2940 ,

143 3019 145 3024 ,
193 2973 264 3018 curn
275 2949 327 3017 vix
338 2953 473 3016 sufficiat
484 2952 525 3016 ad
538 2951 738 3014 indicendam
752 2953 972 3033 purgationem
993 2955 1118 3017 eanoni-

193 3067 274 3126 cam,
286 3049 342 3111 sed
356 3047 397 3110 ad
410 3052 582 3125 torturam,
600 3051 632 3111 et
647 3047 679 3109 in
690 3046 908 3129 praejudicinm
921 3047 1116 3125 confitentis,

193 3161 354 3222 nunqnam
374 3146 479 3205 tamen
499 3142 651 3205 consessio
667 3139 738 3204 talis
754 3139 892 3220 plenam,
910 3142 964 3203 aut
976 3140 1118 3222 semiple-

193 3251 267 3294 uam
277 3236 494 3315 probationem
507 3234 583 3301 facit
597 3234 638 3300 ad
652 3231 954 3301 condemnationem.
