2586 4020
200 279 259 344 {80
430 286 661 340 rusrrrurmnns
682 287 766 336 suus
787 285 945 335 ornouror.

199 425 321 503 nabet,
340 423 396 486 sed
415 425 447 486 et
465 422 510 484 rei
528 439 593 486 suae
611 420 795 486 consulebat
809 423 877 482 tum
900 436 957 506 pre
974 416 1148 484 communi.

200 520 315 582 damno
333 517 558 599 propulsanda,
575 519 643 578 tum
657 533 714 595 pro
730 512 936 576 devinciendo
956 529 1063 574 amore
1075 511 1142 572 rei-

199 612 333 694 publice
348 613 379 672 et
393 609 570 689 principum
585 626 662 688 erga
675 626 709 668 se
724 607 835 686 ipsam.

240 709 303 766 Nec
315 703 532 768 difficultatem
542 701 662 762 fuciunt
677 701 739 762 duo
750 717 898 778 oenones,
915 698 1061 761 videlicet
1073 700 1142 760 19⁰·

200 816 288 862 conc.
303 799 373 860 Lot.
390 798 443 874 Ill,
458 798 489 857 et
502 797 567 856 46¹¹·
580 797 683 856 Later.
700 795 760 871 IV,
785 810 920 873 quorum
934 793 1053 872 primus
1067 791 1140 852 vult

200 895 236 954 ut
246 889 461 972 judicantibus
482 887 637 968 episcopis
658 889 689 948 et
708 886 791 948 olore
808 886 893 967 quod
908 902 1036 947 necesse
1053 887 1141 946 esset

201 1003 239 1046 ex
246 982 450 1064 proventibus
462 981 608 1042 Ecclesiae
620 979 828 1057 tribueretur,
839 980 1138 1056 alterveroetpopm

199 1093 387 1139 consensum
412 1073 641 1153 expectandum
660 1072 803 1135 sancivit.
829 1075 885 1134 Hm
908 1072 991 1133 enim
1010 1069 1138 1132 restric-

199 1171 301 1232 tiones
312 1170 385 1230 sunt
399 1167 439 1230 ad
454 1167 571 1230 abusus
588 1165 834 1245 compescendos
850 1212 858 1243 ‚
876 1184 950 1227 cnm
960 1165 1018 1226 sub
1038 1165 1138 1226 dena-

200 1263 320 1325 riorum
339 1260 465 1323 nomine
480 1258 673 1340 gravissime
696 1257 925 1321 invalescerent
943 1257 1133 1320 exactiones.

200 1351 1134 1436 Neopigeredebetimperiumtalemconsensumexposcere,

202 1448 256 1530 qui
267 1453 351 1510 certe
366 1446 392 1507 si
414 1446 617 1508 rationabiles
638 1445 770 1507 oderant
790 1463 916 1522 causa,
938 1463 1001 1506 non
1022 1441 1134 1508 deerit.

202 1543 358 1604 Gaeterum
368 1539 520 1600 naturalis
533 1537 664 1619 equitas
678 1539 790 1600 suadet
804 1557 844 1599 ue
859 1539 929 1618 quis
952 1557 1003 1599 res
1018 1537 1138 1598 alienas

201 1633 378 1696 inconsulto
386 1633 436 1695 vel
444 1631 645 1694 dissentiente
654 1630 781 1693 domino
794 1630 940 1694 invadet:
954 1634 987 1692 et
996 1629 1139 1692 Ecclesia

202 1725 302 1789 voluit
315 1742 440 1804 semper
452 1723 574 1786 salvum
587 1727 618 1786 et
629 1726 732 1786 tutum
743 1723 933 1805 principium
954 1742 1020 1788 euae
1042 1723 1141 1784 liber-

203 1819 277 1882 tatis
291 1821 323 1880 et
336 1817 600 1898 independentiae.

243 1913 306 1976 Sed
320 1915 413 1992 rupto
428 1910 597 1974 concordia
611 1911 693 1973 inter
706 1913 823 1972 statum
833 1917 865 1972 et
878 1909 1138 1973 Ecclesiamtuno

203 2005 303 2087 primo
319 2005 420 2087 questi
433 2008 505 2067 sunt
516 2004 673 2086 prinsipes
687 2005 777 2085 quasi
791 2004 863 2066 haeo
873 2008 961 2067 tonte
970 2002 1139 2084 privilegia

203 2097 350 2161 uectesiae
365 2097 550 2159 invaderent
560 2097 635 2178 juro
652 2101 752 2160 status
768 2097 878 2176 civilis,
896 2097 985 2178 quasi
1009 2096 1055 2158 sic
1076 2095 1140 2156 exi-

204 2194 366 2254 merentur
387 2209 407 2251 e
428 2189 647 2271 jurisdictione
664 2190 843 2270 principum
866 2209 1010 2271 perseum
1033 2193 1065 2252 et
1087 2207 1139 2250 res

205 2301 275 2364 quae
283 2283 327 2346 illi
343 2283 528 2347 naturaliter
536 2283 724 2361 subduntur,
742 2301 875 2364 quaque
890 2283 1023 2363 proinde
1041 2280 1138 2344 statui

204 2377 286 2440 civili
297 2376 439 2440 revocari
454 2382 584 2457 possunt
596 2379 627 2438 et
639 2376 764 2438 debent.
781 2378 821 2438 lit
833 2394 1023 2438 sanenonne
1034 2374 1139 2438 clerici

204 2476 278 2532 sunt
292 2470 375 2531 cives
386 2469 449 2530 rut
462 2469 487 2529 si
507 2469 591 2530 cives
606 2469 765 2549 quomodo
784 2474 916 2550 possunt
935 2488 1002 2532 csse
1018 2488 1037 2531 a
1056 2467 1139 2531 civili

202 2561 421 2644 jurisdictione
436 2561 615 2622 immunes?
631 2562 738 2624 Prouti
758 2563 798 2624 ad
820 2564 1069 2626 conservandam
1082 2564 1140 2624 llo·

205 2653 308 2716 clesiae
322 2653 600 2733 independentiem
610 2655 726 2733 clerici,
739 2674 803 2735 quo
818 2657 922 2718 clerici
937 2657 1054 2718 debent
1071 2673 1138 2718 esse

206 2745 318 2808 eoivili
333 2748 487 2826 potestate
508 2745 676 2824 immunes,
695 2748 787 2810 unice
800 2749 1018 2812 ecclesiasticae
1031 2755 1140 2811 aucto-

204 2839 290 2904 ritati
310 2839 447 2918 obnoxii,
467 2838 511 2902 sio
534 2858 572 2900 ex
587 2859 625 2901 eo
639 2843 729 2920 porte
743 2860 806 2921 qua
824 2848 897 2904 sunt
917 2842 1001 2904 cives
1024 2841 1139 2904 debent

206 2953 273 2996 esse
288 2933 329 2998 ab
341 2932 551 2997 ecclesiastico
565 2934 750 2996 auctoritate
764 2935 919 2998 immunes
928 2939 959 2998 et
974 2935 1057 2998 civili
1066 2953 1139 2996 ouc-

205 3027 322 3091 toritati
338 3027 465 3089 obnoxii
482 3047 488 3088 :
507 3026 532 3088 si
550 3027 731 3107 hujusmodi
744 3028 858 3090 limites
887 3047 950 3090 non
973 3031 1138 3090 servantur

206 3123 324 3185 corruit
347 3120 529 3183 autonomio
554 3121 715 3201 utriusque
737 3121 917 3200 potestatis,
938 3124 970 3184 et
992 3121 1137 3201 princeps
1176 3162 1179 3167 -

207 3215 388 3294 disponeret
401 3215 441 3276 de
452 3233 486 3276 re
506 3213 660 3293 spirituali
678 3213 768 3275 sicuti
789 3215 959 3276 auctoritas
977 3213 1138 3276 ecclesias-

206 3305 269 3366 tica
288 3307 470 3387 disponeret
485 3306 524 3367 dc
538 3325 573 3367 ro
592 3305 767 3386 temporali.
794 3308 867 3368 Pari
882 3307 977 3369 modo
995 3325 1046 3368 res
1066 3323 1135 3388 quae
1178 3341 1181 3350 ·

207 3398 321 3460 suntin
336 3399 493 3466 terrilorio
516 3399 696 3478 reipublicae
715 3415 778 3460 non
800 3407 931 3479 possunt
946 3399 1073 3462 liberari
1096 3397 1136 3460 ab

208 3489 271 3564 alto
287 3493 317 3554 et
330 3491 479 3574 eminenti
494 3491 633 3555 dominio
649 3490 747 3573 ipsius
761 3492 953 3578 reipublice,
968 3512 1038 3578 quac
1051 3493 1090 3557 de
1100 3511 1134 3559 ro
