2586 4020
561 297 601 343 un
621 297 761 348 mutuus·
1087 291 1145 352 149

201 425 283 508 lione,
306 447 379 495 oum
397 437 543 500 omnibus
562 441 766 505 inferioribus
782 444 943 525 judicibus
956 465 1146 510 eonourren-

200 524 278 600 tem,
295 525 354 586 nisi
368 531 546 609 appelletur
564 553 582 594 a
597 536 804 616 subdelegato
820 538 956 617 delegati
974 541 1144 619 pontilloii,

200 633 276 678 eum
287 619 414 681 enimin
428 623 484 684 tali
498 643 571 687 oesu
586 628 750 707 delegatus
766 647 858 709 papae
873 636 1080 710 repraesentet
1090 652 1148 711 pa-

201 719 568 794 pam,eonsequenterad
577 720 671 799 hujus
680 721 886 800 subdelegato
895 723 1147 786 nonimmediate

201 801 241 862 ad
257 822 386 883 papam,
401 809 458 869 sed
475 811 516 872 ad
529 812 712 891 delegatum
723 832 814 893 papae
830 814 1103 894 subdelegantem,
1121 817 1147 878 si

197 892 453 972 jurisdictionem
471 904 611 983 aliquam
627 905 867 985 subdelegaudo
882 907 941 968 sibi
964 909 1146 986 reservarit,

201 988 356 1068 appellari
368 992 473 1056 debet.
484 997 631 1058 Secundo
642 999 685 1058 ad
694 999 835 1077 legatum
846 1017 948 1078 papae,
966 1000 1151 1061 immediate

200 1082 355 1159 appellari
373 1090 488 1165 potest,
518 1090 641 1150 omissis
659 1090 857 1150 intermediis
870 1091 1043 1170 judicibus,
1067 1093 1150 1170 epis-

200 1175 304 1253 eopis,
327 1178 585 1260 archiepiscopis,
614 1187 674 1244 ete.
692 1184 798 1244 'lertio
811 1183 837 1244 si
859 1183 1056 1253 consuetudo
1071 1203 1150 1264 prse-

199 1267 492 1346 seriptahaheatad
500 1278 658 1336 remotum
666 1275 849 1335 immediate
858 1276 1150 1354 appellari.0uarto

198 1359 225 1444 si
236 1364 401 1440 proximus
413 1367 550 1445 deneget
558 1367 665 1445 palam
675 1366 844 1447 justitiam,
854 1374 909 1428 aut
918 1368 996 1428 alias
1008 1367 1050 1428 sit
1064 1366 1154 1426 inha-

195 1451 281 1530 bilis,
300 1456 351 1516 vel
363 1457 391 1516 si
401 1457 502 1537 judex
512 1459 644 1519 inferior
659 1465 691 1520 et
704 1459 829 1519 medius
844 1463 956 1537 sponte
972 1459 1014 1519 ad
1028 1456 1152 1518 media-

196 1549 267 1606 tum
282 1565 413 1610 eausam
431 1551 584 1613 remittat.
603 1551 718 1624 Quinto
739 1551 765 1612 si
781 1551 946 1630 episeopus
957 1551 1064 1629 litiget
1080 1565 1154 1608 eum

196 1654 255 1702 suo
278 1641 406 1703 subdito
426 1644 458 1703 in
483 1663 558 1704 casu
582 1644 758 1706 electorum
774 1644 976 1719 arbitrorum,
1004 1639 1154 1719 aquibus

195 1749 260 1791 non
275 1734 316 1794 ad
329 1735 439 1812 alium,
448 1738 595 1816 quemad
607 1754 725 1816 papam
733 1735 774 1796 sit
788 1736 970 1814 appellatio,
979 1740 1043 1795 ete.
1060 1733 1089 1792 Α
1101 1747 1155 1808 ge·

194 1825 297 1886 nerali
317 1827 458 1906 episcopi
473 1828 604 1904 viperio,
624 1846 689 1888 nou
705 1826 746 1888 ad
761 1827 957 1905 episcopum,
975 1825 1073 1905 cujus
1090 1837 1156 1881 uua

194 1934 269 1977 eum
281 1937 339 1980 suo
349 1919 469 1981 vieario
484 1921 571 1980 idem
584 1919 725 1981 tribunal
736 1924 794 1994 est,
811 1918 868 1978 sed
877 1919 917 1979 ad
933 1912 1155 1991 arehiepisco-

193 2027 272 2088 pum
301 2012 455 2093 appellari
475 2013 583 2089 debet,
602 2015 633 2073 et
655 2029 675 2071 a
694 2010 853 2070 sententia
863 2007 981 2087 judicis
996 1999 1152 2080 delegati,

194 2101 235 2162 ad
256 2102 460 2183 delegantem
475 2106 527 2166 vel
541 2105 611 2185 ejus
631 2119 858 2184 successorem,
879 2100 904 2159 si
919 2095 1047 2176 aliquid
1055 2090 1155 2172 juris-

192 2193 341 2256 dictionis
353 2196 406 2257 hie
419 2196 479 2258 sibi
494 2195 680 2270 reservavit,
694 2191 847 2271 appellari
864 2190 969 2252 debet.

190 2354 201 2408 s
216 2358 241 2399 V.
256 2365 288 2396 n!
302 2367 403 2407 mun,
417 2367 461 2398 ⁵111
475 2366 545 2398 MODO
558 2361 722 2400 uratum,
741 2360 772 2392 Π
784 2357 884 2400 (ὶῦΟΊῚΕΙ
897 2349 1042 2390 Amnum
1060 2345 1155 2380 ulan.

230 2476 312 2537 Xlll.
338 2475 520 2554 Appellatio
545 2474 581 2535 tit
601 2472 652 2532 vel
675 2468 794 2543 statim,
814 2465 922 2545 judioe
947 2460 1063 2524 adhuo
1096 2468 1154 2531 pro

187 2568 340 2630 tribunali
353 2567 498 2644 sedente,
515 2572 570 2626 aut
585 2564 698 2626 saltem
713 2560 754 2621 ad
768 2564 935 2619 extraneos
955 2555 1054 2614 entus
1073 2560 1156 2604 non·

188 2660 267 2722 dum
280 2660 471 2736 divertente,
488 2659 540 2721 vel
557 2675 597 2717 ex
608 2653 786 2716 intervallo.
806 2650 838 2714 Si
852 2647 960 2711 statim
974 2644 1047 2716 fiat,
1067 2633 1155 2696 suitl-

186 2753 231 2816 oit
253 2771 325 2814 eam
340 2754 448 2814 faeere
474 2751 548 2812 viva
563 2766 652 2824 vooe,
670 2744 818 2818 dicendo,
836 2761 866 2802 v.
889 2759 936 2818 g.‚
956 2727 1108 2832 appello,
1124 2725 1156 2784 ot

184 2846 247 2908 hoe
262 2847 295 2906 in
320 2847 400 2912 antis
425 2863 485 2924 per
497 2840 660 2904 notarium
671 2836 849 2906 scribatur3
870 2830 895 2892 si
910 2831 968 2890 ilat
984 2841 1027 2925 es
1051 2820 1156 2879 mter·

183 2940 280 3016 vallo,
292 2941 326 2999 iu
338 2936 466 3016 seriptis
474 2952 532 3014 per
542 2930 686 2991 libellum
695 2921 941 3005 appellatorium
952 2919 1027 2978 lieri
1038 2905 1152 2978 debet,

183 3032 302 3114 inquo
319 3030 522 3111 exprimetur
544 3039 660 3084 nomen
675 3018 771 3093 illius,
787 3014 839 3094 qui
853 3009 1155 3108 appellat,·nomen

177 3113 309 3205 judicis,
325 3127 438 3186 eontra
462 3134 570 3200 quem,
593 3117 625 3175 et
646 3113 759 3173 eontra
773 3105 864 3185 eujus
879 3098 1086 3164 sententiam
1097 3103 1157 3164 op-

182 3217 333 3296 pelletur,
348 3219 382 3277 et
395 3229 515 3275 numen
522 3205 651 3290 judicis,
662 3201 704 3264 ad
714 3216 810 3280 quem
821 3194 1006 3276 appellatur
1022 3184 1156 3284 (upum-

180 3309 231 3371 vis
254 3308 404 3370 absolute
418 3299 637 3366 necessarium
651 3311 715 3356 nou
737 3291 788 3367 sit,
808 3294 844 3351 ut
856 3285 907 3350 vel
925 3292 1051 3346 nomen
1062 3265 1156 3352 pudi-

181 3402 226 3464 cis
241 3421 262 3462 a
285 3419 362 3482 quo,
386 3399 438 3460 vel
458 3411 576 3457 numen
594 3386 712 3472 judicis
727 3383 768 3446 ad
793 3397 889 3462 quem
906 3355 1154 3456 exprimetur)t

179 3483 286 3575 neque
308 3496 418 3556 temen
440 3484 626 3568 requiritur,
653 3481 700 3558 ut,
722 3476 748 3540 si
763 3475 796 3536 in
811 3471 931 3554 seripto
944 3455 1153 3548 appelletur,
