2578 4012
462 542 564 622 PARS
593 541 776 622 Situllssl

153 758 200 808 DE
221 757 480 810 RELATIONIBUS
504 759 610 810 INTER
633 757 831 809 EGGLESIAM
855 757 1081 808 GATHOLIGAM

243 859 287 909 Er
311 859 475 912 GAETERAS
492 861 745 913 COMMUNIONES
768 857 989 912 RELIGIOSAS.

566 1031 671 1046 ...u->-

501 1170 729 1267 onoonninn.

194 1369 287 1443 Queis
310 1371 414 1450 placet
437 1370 647 1431 indifferentia
670 1371 702 1430 in
719 1369 845 1449 negotio
858 1370 1017 1448 religionis
1031 1371 1081 1431 vel

154 1462 227 1540 quia
243 1466 355 1542 putant
376 1481 485 1524 omnes
509 1463 675 1542 religiones
696 1481 758 1524 non
783 1481 850 1523 esse
874 1463 932 1523 nisi
950 1463 1081 1524 totidem

153 1555 270 1616 formas
278 1555 497 1634 accidentales,
510 1559 541 1618 et
551 1556 765 1634 expressiones
777 1555 847 1634 plus
857 1555 1000 1618 minusve
1011 1572 1082 1635 per-

153 1647 250 1708 lectas
273 1648 365 1708 unius
386 1649 486 1711 cultus
509 1649 621 1728 divini,
639 1667 772 1729 quarum
794 1649 924 1729 singulae
945 1667 1002 1728 pro
1024 1666 1080 1710 suo

153 1739 1081 1822 modulolaudantDeum‚velquiareligionemnonprofiten-

153 1836 205 1896 tur
218 1831 277 1894 nisi
291 1835 442 1913 tanquam
460 1833 600 1894 medium
612 1835 772 1913 politicum
786 1833 966 1894 continendi
982 1852 1082 1912 popu-

153 1925 218 1986 lum
230 1925 404 2003 presertim
418 1927 529 1986 rudem
545 1925 577 1986 in
592 1926 709 2000 offici03
729 1928 866 1986 statuere
882 1925 998 1986 vellent
1011 1943 1081 1986 eam

154 2017 338 2080 relationem
355 2017 524 2098 juridicam
547 2019 628 2080 inter
649 2018 819 2094 Ecclesiam
842 2016 1028 2078 catholicam
1050 2021 1082 2079 et

154 2113 283 2172 caeteras
293 2111 528 2172 communiones
548 2111 721 2190 religiosas,
737 2112 869 2190 quaeest
887 2109 969 2172 inter
981 2109 1082 2171 diver-

152 2221 202 2265 sas
214 2207 323 2280 gentes
338 2205 468 2264 alteram
478 2205 517 2265 ab
533 2205 631 2266 altera
649 2202 897 2280 independentes
909 2203 1081 2262 secundum

152 2295 306 2375 principia
316 2296 397 2376 juris
412 2297 553 2376 gentium
567 2296 790 2357 consideratas.
817 2293 879 2354 Sed
899 2293 967 2354 haec
982 2298 1080 2373 syste-

153 2391 238 2450 mata
251 2407 322 2468 quae
337 2392 458 2468 ponunt
471 2392 623 2469 tanquam
636 2387 825 2467 principium
839 2385 1081 2448 indifferentiam

152 2481 185 2541 in
199 2479 325 2558 negotio
346 2480 517 2560 religionis,
542 2482 567 2542 si
583 2482 624 2542 ad
646 2481 752 2541 lumen
768 2482 863 2541 rectae
885 2478 1015 2540 rationis
1030 2479 1082 2539 ab·

153 2572 249 2633 surda
261 2579 344 2650 sunt,
359 2573 400 2633 ad
410 2574 515 2634 lumen
522 2575 594 2634 fidei
606 2573 803 2636 considerata
812 2575 885 2633 sunt
897 2571 1083 2650 blasphema

154 2665 292 2727 omnino.
309 2667 411 2728 Unam
424 2667 507 2727 enim
523 2667 679 2729 credimus
693 2668 835 2728 sanctam
845 2665 1018 2726 Ecclesiam
1031 2683 1083 2725 ca-

152 2757 303 2818 tholicam
317 2761 405 2818 extra
422 2778 516 2838 quam
531 2778 623 2822 nemo
638 2759 753 2821 salvari
774 2760 898 2838 potest:
916 2761 1083 2837 propterea

153 2852 254 2910 sectas
277 2868 385 2912 omnes
407 2851 596 2912 acatholicos
616 2869 684 2912 esse
705 2851 869 2913 societates
891 2849 1080 2928 illegitimae,

154 2960 312 3021 erroneas,
335 2945 399 3004 Deo
416 2943 546 3004 odibiles
562 2947 592 3006 et
607 2944 773 3024 injuriosas
786 2942 904 3003 habere
918 2941 1080 3016 debemus,

154 3052 224 3114 qnae
247 3053 408 3116 nunquam
434 3036 465 3096 in
489 3036 757 3116 comparationem
781 3053 853 3096 oum
873 3050 950 3095 vera
970 3032 1081 3095 Christ'

153 3127 293 3188 Ecclesia
307 3129 414 3188 venire
430 3131 461 3190 et
469 3129 538 3208 pari
545 3128 616 3209 jure
628 3129 749 3188 censeri
763 3131 904 3206 possunt.
974 3182 976 3186 .

193 3219 312 3298 Religio
328 3219 482 3282 catholica
496 3226 543 3284 est
557 3222 623 3283 sola
637 3239 712 3282 vera
722 3241 734 3295 13
752 3237 827 3300 ergo
843 3219 909 3279 sola
920 3219 973 3299 jus
985 3218 1083 3280 hahet

49 3335 52 3340 ·
153 3311 355 3386 subsistendi3
373 3318 496 3376 caetera
508 3319 601 3377 secte
615 3314 770 3396 religiosae
780 3311 904 3378 civilem
913 3312 1084 3394 quamdam

154 3405 395 3477 consistentiam
425 3411 566 3487 possunt¹
591 3407 754 3489 acquirere
767 3452 779 3484 .,
807 3405 977 3488 juridicam
1008 3425 1082 3468 vero

157 3515 328 3582 uunquam.
