2586 4020
205 299 262 358 184
435 309 661 356 msrrrurronas
681 309 764 356 runis
786 309 941 356 canorum.

202 453 374 514 immorari.
392 455 460 513 Duo
473 455 594 516 tantum
605 457 762 530 ponantur
771 451 935 531 principia,
953 471 1023 533 quac
1036 452 1134 514 maxi-

202 565 286 607 mam
301 546 403 605 lucem
418 546 598 605 suffundere
612 545 816 624 possunthoc
831 545 862 604 in
876 564 922 605 rc.

232 639 273 698 '1⁰
301 636 486 698 Praestantia
508 637 624 697 ordinis
662 637 907 714 supernaturalis
936 639 984 698 eui
1018 642 1135 718 praeest

203 730 352 806 Ecclesia,
360 747 425 808 prae
437 729 545 790 ordine
557 730 639 790 civili
649 730 698 789 cui
708 732 822 808 praest
831 717 986 808 princeps,
996 731 1090 810 exigit
1099 736 1135 793 ut

202 824 253 884 hic
268 822 311 882 illi
324 821 555 898 subordinatur,
569 839 632 881 non
646 821 714 881 vioe
724 839 825 882 versa.
844 821 919 882 Inde
932 821 964 882 in
973 823 1134 884 collisione

202 917 284 977 inter
290 914 341 994 jus
356 913 601 976 ecclesiasticum
611 917 642 974 et
651 913 741 974 civile
754 913 905 992 praevalet
908 913 961 994 jus
972 916 1132 998 ccclesias-

202 1009 309 1083 tioum,
333 1007 438 1086 prouti
451 1007 625 1068 sollicitudo
641 1006 740 1068 ultimi
753 1006 823 1067 finis
847 1007 998 1086 praevalet
1018 1008 1131 1070 solliei-

202 1099 302 1162 tudini
316 1099 386 1160 finis
399 1099 588 1160 secundarii.

242 1196 273 1252 2⁰
302 1193 420 1252 Praetcr
442 1193 630 1274 potestatem
665 1191 929 1269 independentcm
961 1191 1131 1272 superioris

201 1285 341 1361 ordinis,
365 1284 634 1363 repraesentabant
659 1283 790 1359 Romani
828 1285 994 1346 Pontifices
1018 1285 1129 1346 mediis

200 1378 322 1440 saeculis
338 1381 480 1439 centrum
496 1376 727 1456 quodammodo
742 1375 1016 1438 confoederationis
1036 1377 1129 1438 inter-

200 1470 367 1532 nationalis
379 1473 523 1548 Europae.
549 1472 626 1531 Cum
642 1469 726 1530 enim
748 1488 784 1530 ex
810 1468 1028 1530 constitutione
1056 1469 1129 1531 novi

200 1561 322 1641 imperii
358 1561 558 1623 occidentalis
589 1561 691 1624 Caroli
718 1560 823 1640 Magni
851 1580 921 1640 quae
950 1561 1130 1623 curantibus

201 1654 348 1716 Romanis
358 1653 561 1715 Pontificibus
571 1654 653 1716 facta
668 1658 805 1715 estanno
818 1656 887 1731 800,
905 1653 1128 1715 confoederatio

202 1765 340 1825 europae
353 1749 435 1808 esset
454 1745 627 1808 eminenter
646 1746 811 1823 catholica,
828 1746 908 1807 ratio
927 1746 1010 1806 enim
1033 1765 1129 1826 quare

140 1877 143 1884 ,
201 1841 308 1920 plures
333 1839 501 1920 principes
517 1839 623 1919 plures
637 1842 736 1900 status
748 1840 937 1900 coaluerunt
949 1839 981 1899 in
999 1838 1131 1918 amplio-

202 1951 269 1994 rem
280 1932 463 1994 sooictatcm
476 1929 760 2008 internetionalcm,
772 1936 839 1993 crat
850 1931 928 1992 fides
941 1931 1126 2010 communis,

202 2025 388 2105 obsequium
419 2043 496 2103 erga
523 2025 667 2085 camdem
694 2024 885 2098 Ecclesiam
906 2023 1073 2105 imperium
1098 2026 1130 2087 et

201 2136 301 2196 regna
336 2136 407 2178 cum
436 2120 539 2178 essent
566 2116 860 2178 constitutionaliter
889 2117 1068 2194 catholica,
1099 2124 1130 2179 ct

193 2209 378 2280 ⁴christianae
405 2209 548 2289 religioni
570 2208 720 2289 jurabant
749 2209 900 2286 tutelam,
929 2209 1126 2289 obsequium,

201 2303 364 2365 atsubbac
375 2301 551 2365 conditione
561 2301 754 2380 recipiebant
763 2301 931 2381 imperium
942 2305 1125 2381 ctregnum‚

200 2412 263 2457 non
284 2384 454 2474 potuerunt
467 2413 530 2456 non
549 2393 663 2456 sentire
677 2393 849 2454 maximum
867 2394 1019 2456 inflexum
1029 2395 1128 2476 patris

199 2486 385 2563 communis,
403 2494 435 2547 ct
445 2487 637 2547 auctoritatis
652 2503 806 2566 supremae
823 2488 1035 2548 Rornanorum
1048 2489 1128 2548 Pon-

199 2579 328 2653 tificum,
354 2582 506 2656 tanquam
532 2579 642 2656 capitis
672 2578 809 2658 supremi
841 2595 965 2657 magnae
995 2579 1128 2640 associa-

199 2668 292 2731 tionis
313 2668 506 2747 christianae,
522 2669 606 2750 quod
625 2669 700 2750 jura
718 2670 864 2733 etoffioia
886 2671 1074 2751 populorum
1096 2675 1128 2733 et

198 2761 374 2842 principum
390 2761 527 2841 doceret,
541 2761 708 2843 judicaret,
734 2763 960 2826 moderaretur.

565 2923 694 2988 CAPUT
716 2923 752 2986 ΙΙ.

197 3085 236 3136 ba
258 3085 466 3137 COMPE'OENTIA
484 3084 652 3144 ortlusoon
672 3083 890 3136 nooronrrnrls
905 3087 936 3135 IN
959 3086 1123 3139 CONCRETO.

235 3223 257 3282 l.
282 3221 497 3300 Competeutia
520 3219 737 3282 ecclesiastieae
762 3221 794 3280 at
812 3219 910 3282 civilis
931 3220 1125 3282 auctoritatis

197 3329 259 3372 non
270 3317 394 3375 tantum
409 3313 601 3376 considerari
623 3315 726 3390 potest
745 3311 778 3370 iu
796 3312 965 3390 abstracto,
982 3312 1128 3375 videlicet

196 3403 296 3482 qualis
306 3405 443 3468 derivari
454 3411 556 3486 potest
569 3425 606 3466 cx
619 3410 731 3463 natura
739 3405 901 3486 utriusque
916 3406 1122 3485 auctoritatis,

196 3495 359 3560 sedetiam
373 3497 405 3558 in
414 3509 558 3560 concreto
573 3494 673 3576 qualis
683 3495 830 3562 videlicet
839 3499 1085 3584 deprehenditur
1094 3500 1126 3565 in
