2586 4020
541 220 579 266 un
601 220 740 268 vourcus.
1051 209 1110 272 {tl

242 360 298 414 5111.
313 369 344 404 nr
353 361 502 413 sturmus,
511 373 557 407 van
570 375 667 408 ramnus
675 377 691 410 r
703 375 790 418 currus
802 375 934 410 marmur
943 375 1039 416 wrm.

537 442 583 474 vn.
591 443 640 476 ³01(
648 444 740 476 mm*-

216 548 267 609 Vl.
284 547 426 629 Aquites
443 551 603 629 sententiis,
620 559 650 612 et
663 552 694 612 in
708 550 812 634 quibas
826 551 919 613 caesis
935 551 975 614 sit
987 551 1107 615 licitum

177 639 357 718 appellare?
369 643 402 702 ln
414 660 530 721 genere
543 645 702 724 loquendo
716 645 866 725 appellari
881 647 983 724 potest
998 663 1017 706 a
1032 663 1107 726 qua·

177 737 304 814 cunque
316 736 470 797 sententia
484 736 600 814 valida,
618 737 677 798 nisi
695 757 839 816 expresse
854 737 969 818 injure
982 739 1021 800 sit
1036 757 1106 816 pro·

177 825 327 904 hibitum,
359 828 433 908 quia
453 830 624 908 appellatio
648 833 697 892 est
718 831 869 908 defensio,
901 849 970 912 quae
989 830 1107 892 nemini

176 919 268 980 facile
282 921 392 1000 negari
403 921 507 983 debet.
525 923 672 1002 Spectato
684 930 791 984 tamen
798 924 870 1004 jure
881 923 965 986 civili
973 941 1037 986 non
1048 923 1107 984 nisi

177 1029 197 1074 a
212 1014 368 1076 sententia
380 1014 552 1092 definitiva,
563 1033 626 1076 non
640 1016 986 1094 auteminterlocutoria
1001 1015 1109 1097 appel-

175 1106 234 1168 lari
244 1110 347 1184 potest
358 1107 410 1187 (ad
420 1108 594 1169 cavendam
605 1109 724 1171 scilicet
732 1108 1107 1189 litiumprorogationem,

176 1200 298 1280 quaeda
313 1199 373 1262 hoc
382 1199 464 1280 jure,
478 1201 538 1263 nisi
551 1201 813 1263 intratriennium
827 1202 1044 1282 expediantur,
1056 1220 1109 1262 ex-

175 1291 302 1372 pirant),
315 1293 373 1354 nisi
390 1293 627 1356 interlocutoria
641 1311 814 1374 gravamen
824 1295 1012 1372 imponeret,
1022 1295 1108 1373 quod

175 1403 232 1464 per
246 1385 433 1446 sententiam
456 1385 670 1464 definitivam,
692 1386 743 1447 vel
758 1386 1000 1466 appellationem
1014 1384 1055 1446 ah
1070 1403 1109 1459 ea

174 1477 315 1557 reparari
331 1495 394 1538 non
415 1481 535 1557 potest,
557 1485 611 1542 aut
630 1478 694 1548 vim
710 1479 827 1542 habeat
847 1478 1031 1556 definitivae,
1057 1478 1109 1540 vel

175 1573 246 1650 post
258 1589 328 1631 eam
340 1589 408 1650 uon,
416 1576 558 1650 speretur
571 1571 745 1634 definitiva.

215 1667 259 1724 De
269 1664 342 1744 jure
358 1665 507 1726 canonico
518 1669 624 1726 autem
634 1665 794 1745 appellare
805 1665 878 1726 licet
889 1664 930 1725 ab
941 1663 1025 1725 omui
1035 1681 1107 1726 seu·

174 1757 272 1820 tentia
285 1756 544 1835 interlocutoria,
560 1761 590 1819 et
613 1760 723 1838 quovis
736 1757 918 1838 gravamine
932 1760 998 1818 tam
1011 1763 1103 1834 ante,

175 1867 271 1930 quam
280 1853 351 1929 post
362 1849 762 1928 sententiamdefiuitivam,
772 1867 842 1911 cum
854 1849 1106 1927 cursutampcris

174 1961 237 2005 non
250 1942 387 2022 exspiret
394 1939 457 2004 litis
469 1945 579 2021 coeptae
588 1942 746 2019 instantia,
755 1941 971 2003 'tridentinum
984 1946 1103 2020 tamen,

174 2054 250 2097 sesa.
277 2037 332 2112 13,
353 2053 381 2094 c.
399 2037 427 2110 l,
441 2037 472 2096 et
490 2053 566 2098 sess.
587 2040 637 2112 24,
655 2053 682 2096 o.
699 2039 748 2112 22,
766 2034 962 2110 Beretum,
981 2033 1107 2098 videtur

171 2127 252 2208 juris
274 2127 372 2188 civilis
388 2127 639 2189 observationem
652 2146 786 2206 urgere,
807 2126 883 2187 dum
899 2125 1018 2202 statuit,
1042 2143 1106 2190 nou

173 2222 268 2282 licere
292 2219 451 2300 appellare
470 2220 510 2281 ab
534 2219 700 2282 ordinariis
718 2221 860 2282 locorum
882 2223 955 2279 ante
979 2220 1106 2280 senteu-

173 2314 250 2376 tiam
274 2312 468 2374 definitivam
482 2312 603 2374 ratione
622 2311 814 2394 gravaminis
832 2327 889 2390 per
903 2310 1106 2372 interlocuto·

174 2407 255 2469 riam
275 2405 430 2484 impositi,
447 2405 505 2466 uisi
528 2405 762 2468 interlocutoria
782 2403 853 2466 talis
877 2407 978 2481 esset,
1002 2421 1022 2464 a
1042 2419 1106 2486 qua

175 2499 270 2562 etiam
285 2498 406 2579 dejure
420 2498 503 2559 civili
519 2497 669 2578 appellari
684 2499 800 2578 potcst3
818 2500 960 2559 servetur
976 2513 1104 2559 consue·

173 2591 262 2669 tudo,
279 2595 311 2650 et
322 2589 428 2671 praxis
443 2589 580 2671 cujusvis
593 2591 768 2653 tribunalis.

212 2686 319 2746 Potest
331 2686 437 2746 autem
449 2683 611 2763 appellari,
626 2683 657 2744 vi
673 2683 836 2763 utriusque
847 2683 944 2764 juris,
961 2699 1024 2744 non
1034 2683 1106 2743 tau·

172 2780 240 2839 turn
260 2777 292 2836 in
313 2776 414 2836 causis
438 2775 599 2852 civilibus,
621 2776 678 2836 sed
701 2775 796 2837 etiam
818 2775 1048 2852 criminalibus,
1069 2776 1105 2836 ui

173 2871 260 2951 patet
282 2888 318 2930 ex
329 2869 402 2950 jure
427 2874 458 2929 et
471 2887 509 2928 ex
522 2868 643 2929 ratione
663 2867 854 2946 gravaminis
869 2866 1035 2928 amovendi
1055 2865 1105 2946 (ex

150 3028 152 3034 ,
174 2962 332 3024 communi
356 2966 462 3023 tamen
477 2961 600 3022 romani
612 2959 735 3038 imperii
758 2959 983 3024 consuetudine
1003 2958 1104 3020 incri-

173 3054 364 3140 minalihus,
378 3053 536 3134 praecipue
557 3052 761 3131 capitalibus,
778 3069 841 3113 non
856 3051 1030 3112 admittitur
1050 3067 1103 3130 ap·

151 3132 311 3227 pallatio,
328 3151 363 3208 ut
381 3146 516 3222 dictum,
533 3163 572 3206 ne
587 3145 721 3204 multum
740 3144 925 3204 differantur
938 3141 1104 3204 criminum

170 3239 332 3320 puniendo
364 3239 578 3315 executiones,
607 3256 664 3317 per
697 3237 824 3298 frivolas
856 3234 1101 3315 appellationes,

174 3328 1104 3413 coutraprobationeslucemeridianaclariores),etquidem

174 3425 349 3489 admittitur
370 3425 538 3508 appellatio
561 3443 625 3488 uon
649 3427 774 3488 tantum
797 3423 830 3485 in
854 3422 955 3490 causis
979 3421 1102 3506 gravio·
