2584 4022
153 258 193 324 tt
351 235 582 322 rnsnrcuoxns
602 275 685 324 runrs
708 274 865 322 cruorum.

541 415 645 470 CAPUT
660 414 685 468 Il

430 557 464 596 DE
482 557 585 597 ORDINE
602 557 803 600 coonrrlonull.

193 675 217 734 l.
242 675 274 736 Si
300 675 406 754 plures
425 678 614 756 quaestiones
632 677 665 738 in
685 675 770 738 idem
789 675 945 757 judicium
969 693 1084 737 eonve-

154 764 242 827 niant
256 769 286 828 et
301 768 507 847 deducantur,
533 770 572 831 de
588 789 650 849 qua
663 770 749 849 prius
761 768 1015 849 cognoscendum
1026 768 1080 845 sit,

154 859 350 937 potissimum
360 861 411 923 hic
424 862 595 940 dubitatur,
610 867 640 923 et
655 863 728 924 hinc
747 863 808 940 est,
825 880 865 924 an
878 861 964 941 prius
979 860 1083 922 discu-

156 951 262 1012 tienda
274 952 313 1014 sit
328 954 459 1033 quaestio
478 955 697 1034 consanguinit
717 955 776 1031 tis,
799 972 894 1034 quarn
908 971 1002 1032 super
1015 971 1084 1014 ma-

154 1043 300 1106 trimonio
313 1045 551 1124 pronuntietur?
562 1049 605 1108 Ex
622 1067 647 1108 c.
664 1045 914 1122 Intelleximus,l,
930 1044 960 1106 Ιι.
973 1053 1010 1122 t.,
1027 1044 1084 1105 de-

156 1136 323 1198 cidendnm
332 1137 392 1200 hoc
400 1143 457 1216 est,
465 1137 1080 1218 ubimuliarinmaritumpetiitaliquem,

155 1249 191 1292 eo
205 1229 375 1309 quodcum
390 1249 426 1292 co
442 1232 657 1310 contraxisset,
680 1234 711 1294 et
722 1249 818 1310 super
831 1231 891 1293 hoc
903 1234 997 1295 testes
1010 1248 1082 1309 pro·

155 1323 258 1398 duxit3
283 1323 332 1386 vir
351 1327 458 1388 tamen
481 1325 541 1387 hoc
560 1324 687 1404 negavit
709 1323 978 1403 consanguineum
1001 1322 1083 1384 illius

154 1435 222 1478 esse
236 1435 269 1478 se
283 1416 316 1477 in
328 1418 429 1496 gradu
439 1418 597 1496 prohibito
607 1418 761 1497 probans3
779 1433 849 1496 quse
860 1417 917 1478 viri
928 1415 1080 1494 exceptio,

155 1528 250 1589 quam
268 1510 465 1589 questionem
487 1510 678 1572 incidentem
700 1510 828 1587 dicunt,
857 1509 944 1589 prius
971 1507 1083 1589 dijudi-

154 1601 256 1662 canda
267 1620 285 1662 a
297 1602 444 1681 pontifice
459 1603 584 1681 dicitur,
601 1621 697 1684 quam
710 1621 806 1668 causa
819 1601 1000 1682 principalis
1015 1619 1083 1662 ma-

61 1683 72 1696 '
152 1694 300 1756 trimcnii.
317 1696 363 1756 Ex
380 1713 442 1776 qua
451 1696 606 1775 pontilicis
618 1696 776 1760 decisione
790 1696 929 1759 inierunt
942 1712 1083 1757 commu.

154 1787 235 1849 niter
249 1788 476 1868 peremptorias
491 1790 705 1870 exceptiones,
722 1808 792 1870 quae
808 1788 963 1870 justitiam
980 1803 1082 1848 censa

153 1879 334 1966 principalis
348 1889 557 1959 concernunt,
572 1902 630 1962 per
649 1902 727 1962 quas
742 1882 822 1946 actio
839 1881 965 1944 omnino
981 1879 1083 1942 exclu-

154 1972 239 2034 ditur
250 1971 317 2052 ipso
334 1973 415 2053 jure,
431 1993 487 2038 seu
501 1975 605 2053 potius
620 1994 783 2056 nunquam
796 1979 873 2044 nata
886 1973 1079 2049 ostenditur,

154 2064 240 2144 prius
256 2064 483 2144 dijudicandas,
502 2085 597 2146 quam
612 2067 651 2128 de
666 2087 762 2130 causa
773 2067 937 2148 principali
952 2083 1081 2146 cognos-

155 2161 259 2236 catur,
285 2176 357 2219 cum
380 2159 434 2219 illa
447 2160 581 2239 probata
594 2161 715 2222 clarum
729 2161 783 2238 sit,
800 2161 920 2222 nullum
930 2160 982 2241 jus
997 2177 1082 2221 com-

153 2255 260 2330 petere
271 2251 302 2312 in
311 2270 405 2314 causa
415 2254 580 2334 principali
588 2255 697 2333 actori,
710 2259 742 2318 et
750 2260 978 2335 consequenter
987 2252 1082 2314 etiam

153 2343 214 2405 hae
229 2347 411 2425 exceptione
428 2347 572 2427 probata,
588 2367 683 2428 super
706 2367 801 2412 causa
821 2345 986 2428 principali
1000 2343 1082 2405 indi-

153 2440 239 2523 recte
265 2439 376 2499 saltem
400 2441 525 2518 cognite
547 2433 655 2521 judex
673 2442 876 2521 pronuntiare
904 2441 1025 2519 potest,
1050 2439 1081 2498 ct

152 2527 256 2588 debet.

193 2618 226 2680 Si
240 2635 314 2679 vero
333 2619 477 2699 apposita
491 2623 632 2699 exceptio
647 2641 710 2683 non
724 2627 788 2684 tam
808 2622 962 2704 justitiam
976 2637 1078 2683 causac

152 2711 301 2790 perimat,
319 2729 413 2792 quarn
436 2729 618 2790 processum
641 2713 834 2776 ordinarium
851 2713 961 2794 judicii
981 2715 1079 2791 impe·

152 2804 227 2881 diat,
246 2804 346 2884 qualis
361 2809 407 2867 est
417 2805 556 2884 exceptio
565 2805 627 2867 litis
639 2807 799 2886 finitae,rei
812 2810 988 2883 transactae,
1001 2809 1074 2880 etc,

153 2898 260 2978 quales
285 2898 482 2977 exceptiones
506 2905 701 2980 emergentes
724 2900 851 2978 dicunt,
875 2901 1078 2960 uenientum

151 2991 238 3069 prius
252 2991 397 3072 cognosci
413 2992 506 3055 debet
517 2992 588 3056 talis
603 2995 753 3076 exceptio,
778 3013 873 3075 quem
885 3011 981 3056 causa
994 2990 1077 3070 prin-

152 3085 260 3164 cipalis
270 3090 432 3164 tractetur,
446 3087 502 3148 sed
513 3088 600 3168 prius
614 3091 708 3152 etiem
722 3107 815 3168 super
830 3107 868 3149 ea
881 3083 1078 3166 pronuntiari

151 3177 259 3255 dehet,
276 3185 311 3240 ut
320 3184 471 3260 appareat
480 3185 586 3244 utrum
600 3184 727 3262 procedi
742 3182 872 3244 ulterius
887 3180 1011 3241 debeat.

190 3271 228 3332 Π.
253 3272 431 3351 Quomodo,
454 3294 510 3337 seu
525 3295 587 3355 quo
610 3277 717 3337 ordine
736 3274 971 3356 procedendum
990 3270 1078 3333 sitin

151 3381 264 3440 causa,
281 3381 337 3425 seu
355 3367 511 3445 paccione
524 3367 725 3450 spoliationis?
743 3368 904 3447 Colligitur
918 3363 1078 3446 responsio

151 3474 190 3516 ex
205 3475 231 3519 c.
252 3454 326 3520 Cum
338 3457 469 3538 dilectos,
479 3464 508 3537 2,
520 3460 551 3524 l.
568 3470 605 3539 t.,
621 3461 676 3526 ubi
689 3461 828 3542 pontifex
842 3461 917 3527 dicit
933 3479 940 3524 :
960 3458 992 3522 Si
1006 3473 1080 3523 reus
