2584 4022
538 287 577 336 or
598 289 736 338 ionicus.
1056 276 1094 339 bb

91 435 94 442 ’
170 433 365 498 denuntiare.
383 433 507 511 Quinto,
530 432 701 516 requiritur
713 435 749 495 ut
761 430 793 494 in
808 430 872 496 suis
887 429 1094 496 denuntiatio·

169 527 261 589 nibus
285 528 394 588 corrtra
409 526 509 590 socios
528 526 666 590 criminis
678 526 717 589 sit
733 532 879 589 constans
895 525 1095 604 criminosus,

169 639 208 682 ne
229 618 404 682 vacillando
428 626 607 700 suspectam
629 620 741 682 merito
768 619 862 680 faciat
887 619 1097 681 denuntiatio-

169 731 252 777 nem.
271 715 375 789 Sexto,
392 713 562 795 requiritur
576 716 611 776 ut
618 731 690 775 reus
706 713 745 775 de
755 731 788 774 se
797 712 966 790 confessus,
982 717 1098 790 prater

124 794 129 804 ⁶
170 807 251 867 bano
262 803 400 867 oriminis
413 805 575 867 infamiam
589 825 652 868 non
662 806 701 870 sit
713 806 839 868 aliunde
848 804 983 884 infamis,
993 807 1024 866 et
1036 809 1097 866 tes·

168 899 298 962 timonio
315 916 351 960 ao
363 899 425 959 fide
436 899 594 979 indignus,
612 919 684 961 cum
695 899 853 980 baecjura‚
866 917 936 980 quae
952 898 991 959 de
1006 896 1097 959 sociis

170 991 370 1054 criminosum
382 991 420 1052 de
436 1011 469 1053 se
484 993 662 1056 confessum
673 991 859 1073 interrogari
868 990 1062 1073 permittunt,
1079 1009 1098 1050 a

170 1083 327 1148 communi
343 1084 454 1164 regula
470 1088 605 1164 negante
625 1085 832 1148 exorbitantia
845 1083 960 1146 strictae
976 1084 1037 1146 sint
1049 1084 1098 1146 in-

169 1176 400 1256 terpretationis
417 1223 425 1254 ,
446 1180 477 1239 et
492 1178 532 1239 ad
554 1178 645 1239 aliter
658 1179 790 1240 infames
806 1196 869 1239 non
888 1176 1095 1238 extendenda.

169 1273 209 1333 Ei
218 1269 350 1350 septimo
365 1269 500 1350 denique
508 1271 678 1350 requiritur
686 1275 721 1332 ut
729 1270 922 1333 denuntiatio
935 1270 1005 1332 talis
1016 1270 1099 1332 facta

153 1370 155 1372 ’
171 1383 190 1425 a
206 1363 374 1424 criminoso
393 1362 432 1425 sit
449 1363 672 1424 adminiculata
686 1363 753 1424 aliis
763 1362 967 1443 conjecturis,
987 1365 1018 1424 et
1036 1379 1098 1422 uon

171 1456 255 1518 nuda
266 1455 395 1518 assertio
413 1455 582 1532 criminosi,
600 1475 639 1516 ne
654 1455 872 1536 praejudicium
883 1454 1042 1533 patiantur
1061 1472 1099 1514 ex

169 1549 223 1612 tali
234 1548 468 1628 denuntiatione
481 1548 587 1610 multae
599 1566 742 1628 personae
756 1549 908 1624 noneste,
925 1549 1019 1628 prout
1032 1547 1099 1626 plu·

169 1642 256 1704 ribus
271 1659 344 1704 mox
354 1641 485 1703 dicatur.

209 1737 247 1798 V.
272 1737 383 1798 Utrum
401 1733 571 1812 confessio,
590 1735 641 1798 val
656 1734 851 1798 denuntiatio
864 1735 947 1798 facta
961 1753 981 1796 a
995 1731 1100 1795 orimi-

171 1845 247 1890 noso
262 1827 301 1888 de
314 1826 406 1888 sociis
417 1826 568 1904 criminis,
585 1828 651 1888 sola
665 1828 783 1909 absque
794 1828 861 1889 aliis
872 1826 998 1888 indiciis
1012 1826 1100 1888 suffi-

170 1921 242 1997 ciat,
260 1924 296 1982 ut
303 1919 448 2001 judexex
460 1919 561 1982 cilicio
576 1921 748 2000 precedere
757 1921 856 2002 possit
870 1921 911 1982 ad
923 1919 1100 2000 specialiter

170 2013 402 2093 inquirendum,
416 2012 588 2091 citandum,
603 2013 792 2093 capiendum
812 2032 962 2094 personas
982 2013 1100 2076 denun-

169 2105 285 2170 tiatas?
298 2109 391 2186 Resp.
412 2123 476 2167 non
496 2105 639 2168 sufficere
664 2108 763 2169 solam
778 2107 1045 2170 denuntiationem
1067 2104 1099 2166 in

171 2197 351 2262 criminibus
371 2217 434 2260 non
449 2200 603 2278 exceptis,
620 2200 705 2262 nullo
721 2200 782 2262 alio
798 2205 1003 2263 concurrente
1018 2197 1100 2258 indi-

170 2292 230 2369 cio,
245 2295 280 2354 ut
294 2291 393 2371 judex
411 2291 509 2369 possit
529 2291 568 2352 de
583 2310 720 2370 persona
734 2292 918 2354 denuntiata
932 2287 1100 2368 specialem

170 2384 401 2466 inquisitionem
417 2383 599 2458 instituere;
619 2402 691 2446 oum
705 2383 789 2444 enim
804 2384 835 2444 in
850 2383 899 2444 his
918 2381 1100 2444 criminibus

166 2471 1098 2560 juridieeinterrogarenonpossitreumdesociiscriminis‚

172 2573 397 2650 consequenter
411 2570 495 2632 lacta
509 2570 551 2631 ad
563 2589 636 2632 eum
656 2569 815 2652 inquisitio
839 2568 1003 2650 illegitima
1021 2567 1097 2644 erit,

170 2665 256 2728 velut
268 2663 352 2725 iacta
365 2666 475 2725 contra
492 2663 737 2743 prohibitionem
755 2665 918 2746 utriusque
926 2662 1025 2744 juris,
1041 2659 1100 2722 nisi

170 2755 343 2820 secundum
370 2755 631 2820 consuetudinem
657 2758 880 2838 particularem
897 2754 1101 2820 tribunalium

170 2850 241 2914 talis
256 2868 275 2910 a
296 2867 350 2912 reo
370 2849 446 2912 sccii
464 2849 548 2912 iacta
569 2849 783 2928 denuntiati0‚
800 2869 863 2913 non
877 2853 942 2912 tam
956 2852 991 2910 ut
1012 2846 1100 2910 iestis

171 2943 334 3024 depositio,
345 2961 440 3022 quam
450 2946 485 3007 ut
493 2944 721 3006 denuntiatoris
729 2943 932 3023 reciperetur,
946 2937 1099 3020 quijudici

170 3037 255 3101 viam
270 3037 370 3117 aperit
382 3037 423 3098 ad
434 3037 668 3118 inquirendum.

210 3133 245 3194 In
257 3130 438 3193 criminibus
453 3149 527 3194 vero
542 3127 698 3208 exceptis,
714 3128 747 3190 in
763 3127 875 3208 quibus
889 3125 1027 3206 legitime
1044 3142 1101 3204 po-

170 3227 232 3288 test
242 3223 280 3285 de
291 3223 383 3286 sociis
396 3223 534 3285 crimmis
542 3221 729 3302 interrogari
740 3220 924 3284 criminosus
934 3220 973 3280 de
984 3237 1017 3282 se
1030 3237 1102 3282 con·

171 3319 295 3396 fessus,
318 3317 343 3378 si
367 3317 427 3380 alio
448 3317 564 3380 indicio
593 3315 762 3379 verosimili
788 3314 982 3376 denuntiatio
1005 3313 1101 3394 ipsius

172 3411 349 3494 adjuvetur,
362 3411 487 3492 publica
494 3410 674 3488 infamias.
687 3428 732 3490 g.,
742 3426 883 3489 personae
896 3407 1099 3483 denuntiata,

172 3505 223 3570 vel
239 3504 324 3584 quod
338 3503 533 3569 familiariter
543 3523 614 3568 cum
629 3503 795 3568 criminoso
811 3501 919 3583 egerit,
928 3501 1012 3582 quod
1027 3500 1103 3563 alte-
