2586 4020
188 305 248 370 Η
394 315 623 368 rrsmrorrosss
643 316 727 366 roms
749 315 905 366 orsorio.

186 459 301 526 sufficit
310 460 529 542 longissimum
538 464 887 542 tempusroannorum,
904 467 998 542 prout
1010 466 1119 526 contre

186 553 351 618 ecelesiam
365 555 588 635 prescribitur,
600 573 702 635 neque
715 553 799 617 enim
810 555 844 616 in
854 555 915 618 hoo
926 574 1002 618 casu
1016 560 1118 620 extre-

185 647 253 711 neis
267 646 388 710 clericis
396 648 449 728 J'us
460 647 587 725 resistit,
603 653 658 709 eut
671 647 780 726 magni
796 646 972 728 proejudicii
985 667 1038 712 res
1052 649 1117 729 egi-

185 743 248 818 tur,
263 758 335 804 cum
347 740 536 820 capitulares
555 741 595 803 eb
608 739 751 820 eligendo
767 758 830 802 non
849 740 1070 819 excludantur,
1087 745 1120 802 et

185 833 300 896 horum
317 833 450 895 scientie
468 836 501 895 et
527 832 679 913 patientie
702 835 850 895 extraneo
870 832 984 896 clerico
1006 833 1047 896 sd
1065 833 1118 915 jus

185 925 321 1006 eligendi
336 925 604 1005 praescrihendum
617 943 674 1006 pro
687 925 777 988 titulo
791 925 911 988 servire
924 927 1032 1007 possit.

224 1021 242 1082 J
245 1038 281 1081 us
292 1020 488 1098 patronatus,
503 1018 569 1080 sive
577 1018 630 1100 jus
638 1017 851 1097 praesentandi
864 1018 905 1080 ed
917 1019 1082 1097 beneficia,
1090 1019 1116 1082 si

185 1112 307 1172 constet
329 1108 494 1172 ecclesiam
508 1110 549 1172 ab
567 1109 655 1172 initio
670 1109 765 1172 fuisse
779 1109 928 1188 liberem,
944 1111 1010 1174 sine
1024 1112 1115 1176 titulo

184 1219 246 1264 non
262 1200 477 1282 prescribitur
490 1202 619 1280 eleico,
644 1201 704 1264 nisi
718 1205 860 1282 tempore
872 1203 1091 1266 immemorieli
1105 1225 1113 1266 :

185 1301 218 1358 et
228 1295 303 1376 quia
311 1296 513 1376 presumptio
523 1295 604 1376 juris
611 1295 666 1358 teli
676 1295 903 1376 praescriptioni
910 1296 1036 1374 resistit,
1045 1315 1116 1360 cum

183 1389 274 1453 titulo
289 1406 352 1452 non
366 1389 581 1469 praescribitur
599 1387 659 1453 nisi
672 1392 713 1452 40
731 1388 840 1463 ennis;
857 1389 970 1450 sivero
985 1389 1116 1454 dubium

184 1483 225 1544 sit
238 1482 337 1544 libers
349 1499 425 1542 num
441 1481 537 1543 fuerit
550 1481 682 1544 ecclesia
693 1479 893 1562 parochialis,
913 1488 1045 1580 possunt
1058 1501 1113 1563 pa-

184 1573 326 1636 rochiani
343 1573 397 1653 jus
419 1576 603 1653 patronatus
624 1573 657 1634 in
679 1574 733 1636 teli
757 1574 890 1636 ecclesie
910 1575 1115 1655 praescribere

184 1665 267 1728 intre
287 1667 412 1745 tempus
425 1665 577 1743 relatum,
596 1684 669 1730 cum
686 1666 856 1728 verisimile
874 1666 914 1728 sit
935 1665 1006 1730 illos
1020 1667 1115 1730 fuisse

184 1756 367 1820 fundatores
382 1776 389 1818 :
404 1757 429 1818 si
442 1763 548 1821 autem
563 1759 696 1821 ecclesie
709 1758 810 1820 libere
823 1760 956 1836 nonest,
970 1760 1027 1821 sed
1042 1776 1118 1823 con-

184 1851 246 1911 stat
267 1847 353 1910 illam
375 1853 544 1928 petrocum
566 1849 700 1927 hahere,
716 1857 793 1912 tunc
810 1851 863 1932 jus
888 1854 1072 1931 patronatus
1098 1871 1117 1914 a

182 1941 264 2005 laico
287 1944 396 2004 contre
416 1959 528 2005 verum
549 1945 718 2022 patronum
740 1943 900 2022 praesoribi
922 1947 1025 2023 potest
1044 1962 1117 2007 cum

183 2033 273 2096 titulo
293 2033 431 2097 colorato
454 2036 598 2099 ioannis
617 2037 700 2099 inter
717 2041 904 2117 praesentes,
929 2039 961 2099 et
984 2038 1118 2100 winter

184 2126 345 2200 absentem
360 2126 428 2188 sins
439 2127 529 2190 titulo
551 2132 657 2191 eutem
671 2129 761 2192 annis
776 2132 824 2207 30,
842 2134 936 2209 prout
954 2128 1017 2191 alie
1029 2131 1116 2193 bona

182 2218 358 2282 immobilis
367 2221 398 2282 et
407 2219 482 2302 jure
496 2224 605 2284 contra
618 2222 768 2302 privatos,
785 2220 1042 2301 praescribuntur,
1059 2241 1116 2284 ne-

183 2331 245 2395 que
268 2313 352 2374 enim
366 2316 402 2375 ut
415 2313 460 2378 sic
475 2318 584 2378 contra
602 2315 766 2378 ecclesiam
780 2314 1008 2396 prescribitur,
1025 2315 1115 2396 cujus

182 2425 295 2485 perum
318 2405 448 2469 interest
479 2407 563 2470 hunc
592 2408 643 2469 vel
677 2408 765 2469 illum
791 2405 907 2470 hebere
933 2411 1112 2487 patronum.

184 2497 265 2570 Quid
278 2504 384 2560 autem
399 2515 436 2560 ec
448 2499 481 2559 in
495 2517 529 2560 re
544 2503 697 2563 statutum
711 2500 806 2563 hodie
824 2499 864 2562 sit
877 2499 910 2561 in
921 2500 1113 2578 Tridentino,

182 2587 215 2649 in
228 2589 320 2650 titulo
335 2588 459 2669 dejure
474 2596 659 2669 patronatus
668 2592 837 2655 videbitur.

220 2680 273 2742 IX.
302 2677 447 2753 Quomodo
467 2683 658 2764 proscriptio
681 2685 819 2767 temporie
846 2686 1064 2748 immemoriolis
1087 2695 1117 2748 et

183 2773 350 2836 centenario
369 2773 446 2835 ieter
468 2793 498 2836 sc
511 2775 670 2856 different,
692 2781 724 2840 et
744 2778 879 2859 qualiter
894 2782 1027 2860 utroque
1042 2798 1117 2859 pro·

181 2865 297 2929 betur?
310 2867 548 2930 Immemorielis
569 2871 724 2948 possessio
745 2870 859 2933 dicitur
872 2872 927 2933 illa
946 2870 1035 2952 eujus
1057 2871 1113 2933 ini-

182 2961 261 3024 tium
272 2960 436 3024 hominum
450 2962 636 3026 memoriam
650 2964 782 3043 excedit,
798 2963 972 3041 hominum,
982 2963 1111 3041 seilicet,

182 3053 236 3136 qui
254 3057 322 3116 tum
347 3053 473 3130 vivunt;
489 3059 635 3119 censetur
653 3064 760 3119 autem
783 3057 933 3120 excedere
950 3057 1114 3120 hominum

181 3147 378 3224 memoriam,
396 3147 481 3227 quod
494 3149 617 3212 excedit
636 3153 695 3214 too
709 3167 828 3227 annos,
845 3149 898 3232 qui
911 3155 961 3212 cst
974 3149 1045 3212 finis
1061 3169 1114 3213 or-

183 3237 303 3300 dinerie
326 3240 564 3320 viteelongeevae
586 3242 737 3319 hominis,
762 3246 796 3306 ut
814 3242 893 3306 odeo
915 3243 1111 3325 prescriptio

182 3330 417 3393 immemorielis
429 3333 462 3393 in
477 3349 513 3394 eo
528 3334 653 3397 differat
666 3354 685 3397 e
699 3334 894 3412 centenaria,
918 3335 1004 3417 quod
1018 3335 1112 3417 hujus

182 3422 428 3503 prescriptionis
442 3425 482 3488 sit
494 3433 598 3490 certus
612 3429 781 3506 terminus,
799 3430 830 3489 et
845 3446 911 3494 non
932 3428 1113 3510 requiretur
1131 3511 1133 3514 Ι

182 3513 320 3596 ignorari
336 3515 431 3596 hujus
444 3516 579 3598 initium,
595 3520 678 3583 illius
690 3520 1017 3590 vero-immmortalis
1032 3539 1111 3604 pree
