2578 4012
207 275 264 334 131
409 285 639 334 rasrrrurronas
660 287 743 332 rums
768 285 923 332 cnronror.

206 431 304 508 tendi,
329 433 404 492 1666
419 430 503 492 enim
524 429 619 492 tacite
643 429 838 492 renuntiasse
852 436 1007 491 censetur.
1032 429 1150 510 (Com-

206 523 335 604 munis.)
722 539 725 542 ·
1158 543 1161 548 “

246 621 277 678 2⁰
297 617 442 697 Exspirat
453 616 521 698 ejus
532 615 709 698 jurisdictio
724 634 781 695 per
794 614 1001 678 remotionem
1016 634 1074 678 666
1089 636 1147 679 re-

205 711 403 773 vocationem
415 711 511 790 ipsius
520 711 559 771 ab
570 711 716 790 episcopo
728 709 843 770 faciam
857 729 863 770 :
877 707 1043 789 episcopus
1053 709 1146 771 euim

207 805 310 882 potest
333 804 374 865 ad
394 803 442 865 sui
457 803 591 880 libitum,
613 801 870 882 quotiescumque
883 800 1028 878 voluerit,
1052 802 1146 865 vica-

206 895 289 957 rium
301 897 485 975 generalem
499 913 657 956 amovere.

245 989 280 1049 ln
297 988 352 1050 tali
367 992 471 1052 tamen
492 989 665 1052 remotione
689 989 736 1047 est
755 1004 879 1065 semper
893 985 1041 1048 habenda
1054 989 1140 1050 ratio

206 1079 333 1142 honoris
348 1080 445 1160 ipsius
460 1101 466 1142 :
485 1080 567 1141 unde
582 1079 727 1142 facienda
736 1084 783 1140 est
797 1097 869 1139 eum
880 1080 1141 1158 mugnaciroum·

206 1173 374 1253 speetione,
383 1176 492 1236 etcum
502 1173 590 1252 gravi
605 1177 637 1234 et
643 1172 729 1252 justu
742 1189 847 1249 causa,
862 1170 940 1232 61166
949 1172 1141 1254 reintegrari

206 1268 309 1346 potest
326 1284 383 1346 per
397 1285 519 1330 sacrem
534 1265 810 1344 congregationem
824 1263 1054 1344 episcoporum.
1074 1266 1140 1346 (Sic

207 1358 277 1420 ead.
295 1360 364 1421 666.
388 1360 485 1438 (long.
504 1358 641 1439 episcop.
658 1357 690 1418 in
705 1357 878 1435 Spalatum,
894 1359 913 1418 3
919 1357 977 1437 jul.
995 1360 1089 1432 1610;
1107 1362 1140 1420 61

206 1450 238 1510 16
250 1450 448 1530 Tragurium,
466 1453 576 1530 76661.
592 1454 623 1512 61
637 1453 727 1512 8661.
741 1448 844 1528 1619.)

246 1545 354 1605 Causae
375 1550 481 1604 autem
496 1544 604 1624 justae,
634 1561 690 1622 pro
714 1542 827 1622 quihus
854 1543 1011 1605 removeri
1032 1549 1140 1625 potest

205 1635 339 1697 vicarius
354 1636 519 1714 generalis,
543 1638 616 1697 sunt
634 1634 808 1714 praesertim
827 1637 994 1715 sequentes
1009 1656 1016 1698 :
1034 1635 1139 1714 prima

206 1731 263 1805 eat,
273 1728 300 1788 61
308 1729 347 1788 de
359 1729 474 1790 vicario
486 1727 654 1789 audiantur
662 1727 769 1790 multae
779 1728 927 1808 querelae.
938 1730 1020 1810 (666.
1034 1731 1136 1809 Gorg.

206 1820 282 1900 6616.
297 1820 329 1880 16
343 1822 516 1900 66616166,
533 1825 551 1882 6
567 1821 646 1883 febr.
662 1820 765 1900 1601.)

247 1915 392 1977 Secunda
409 1921 465 1992 est,
491 1915 616 1995 quando
630 1932 693 1976 non
717 1914 798 1976 hene
819 1914 901 1994 regit
915 1920 945 1976 et
965 1915 1133 1994 gubernat,

206 2025 264 2068 nec
277 2007 441 2068 certiorem
455 2007 530 2068 facit
543 2025 666 2068 sacram
686 2007 963 2085 congregationem
975 2007 1014 2068 de
1032 2008 1136 2070 causis

205 2099 310 2178 magni
326 2099 477 2162 momenti
489 2100 520 2160 in
533 2099 657 2162 defectu
667 2098 717 2160 vel
730 2098 871 2160 absentia
882 2098 1029 2180 episcopi.
1050 2101 1132 2180 (666.

206 2195 304 2270 (long.
319 2192 414 2272 episc.
430 2194 463 2254 in
475 2192 636 2272 Agrigent.
655 2191 724 2254 ctio
734 2193 883 2269 Tranen.,
896 2194 915 2253 3
930 2191 998 2254 dec.
1012 2193 1115 2272 1601.)

245 2285 360 2362 Tertia,
373 2285 398 2347 si
413 2286 528 2347 scribat
545 2285 755 2347 irreverenter
769 2284 810 2344 ad
830 2302 1135 2366 sacramcongrege·

204 2378 322 2440 tionem
346 2377 474 2458 ejusque
495 2380 558 2440 DD.
585 2377 744 2440 officiales.
774 2375 859 2458 (666.
875 2379 973 2457 (long.
1003 2379 1079 2458 epis.
1101 2379 1134 2440 16

205 2473 307 2546 11661,
324 2473 433 2548 36661.
450 2469 552 2550 1661.)
897 2482 899 2485 ’

245 2563 371 2638 066616,
384 2562 409 2622 61
423 2562 559 2643 aliquem
571 2581 609 2623 ex
627 2564 659 2624 S.
673 2565 709 2624 ll.
728 2563 764 2624 ll.
781 2562 993 2625 cardinalibus
1005 2581 1043 2624 ea
1062 2581 1133 2644 quae

205 2653 305 2732 decet,
330 2654 505 2715 reverentia
526 2672 588 2716 non
609 2658 731 2718 tractet.
754 2654 836 2736 (666.
857 2657 954 2734 (long.
976 2656 1072 2735 episc.
1098 2656 1134 2719 in

206 2749 334 2825 Savum,
348 2748 385 2810 19
399 2765 472 2809 666.
489 2748 590 2827 1665.)

246 2839 370 2917 Quinta,
380 2839 406 2902 si
415 2845 527 2902 caveat
537 2841 815 2921 eurumspeetione
826 2845 857 2905 et
866 2841 1043 2922 prudentia,
1059 2842 1133 2905 11661

203 2933 237 2994 16
248 2932 376 3013 reliquis
385 2932 516 2995 idoneus
525 2936 616 2996 esset.
629 2932 711 3014 (Sao.
719 2937 816 3014 Gong.
827 2935 922 3016 episc.
934 2933 966 2996 16
976 2935 1129 3012 Placent,

204 3029 239 3089 11
257 3029 336 3106 sept.
353 3025 455 3106 1661.)

244 3121 348 3196 Sexta,
360 3118 384 3180 61
401 3119 688 3182 excommunicatus
703 3121 824 3183 existet.
838 3120 922 3199 (Sao.
938 3123 1036 3204 (long.
1052 3120 1130 3201 epis.

203 3210 236 3271 in
248 3211 469 3293 Plac.,l8jun.
487 3213 589 3294 1619.)
695 3251 698 3256 ι

244 3304 394 3382 Septima,
410 3303 436 3366 si
450 3305 607 3368 mandatis
621 3323 717 3368 sacrae
737 3306 989 3386 congregationis
1001 3303 1131 3369 obedire

203 3398 324 3456 renuat.
341 3397 422 3474 (666.
440 3400 537 3476 Coug.
558 3400 652 3476 episc.
673 3399 704 3460 in
718 3401 877 3476 Parmam,
896 3402 932 3461 17
943 3418 1016 3479 aug.
1030 3401 1133 3480 1616.)

243 3487 370 3563 Octava,
390 3488 414 3548 si
433 3489 585 3551 oriundus
603 3487 696 3552 fuerit
719 3489 888 3554 e'x'-eedem
912 3490 1057 3568 61611616,
1080 3493 1130 3556 661
