2586 4020
511 265 550 310 un
570 264 708 312 sumens.
825 307 827 312 .
1024 261 1082 326 143

150 407 330 488 appellatio,
343 406 433 470 sicuti
448 407 605 471 ordinarie
620 427 683 470 non
695 407 837 490 impedit,
851 417 905 474 aut
917 418 1083 497 suspendit

151 501 377 578 executionem,
391 501 446 562 sed
460 505 583 562 tantum
598 502 745 574 effectum
762 502 976 568 devolutivum
986 511 1080 590 parit,

151 594 195 655 ita
210 593 304 655 etiam
318 612 462 656 excessus
474 595 544 671 ille,
560 595 601 656 eb
617 613 712 673 quem
726 595 784 657 fuit
797 597 882 660 facta
900 601 1080 683 appellatio,

150 690 347 767 uenientum
363 687 494 766 exprimi
508 687 603 748 debet
612 685 644 747 in
653 687 761 749 libello
775 692 1005 772 appellationis,
1026 697 1083 758 sed

151 779 246 842 etiam
256 779 382 858 probari
398 780 503 857 debet,
519 797 591 841 eum
601 797 663 842 non
679 789 899 859 praesumatur.

191 873 256 936 Vll.
278 872 323 934 lle
343 873 538 954 appellatione
546 873 582 934 ab
592 875 894 956 eaoommuuieotioue,
914 879 1080 962 interdicto,

150 965 375 1046 etampeueione.
392 967 498 1027 Potest
512 967 640 1046 quidem
660 985 679 1028 a
702 969 855 1031 sententia
871 974 1082 1036 exeommuni-

150 1057 292 1136 cationis,
309 1062 341 1120 et
353 1059 511 1120 interdicti
520 1059 683 1138 appellari,
699 1067 812 1124 neutra
825 1065 932 1125 tamen
948 1085 1082 1132 censura

148 1169 207 1233 per
229 1150 493 1231 appellationem,
514 1171 584 1232 quae
607 1153 706 1214 latam
728 1157 1079 1242 excommunicationis,

149 1248 204 1308 aut
228 1245 384 1321 interdicti
412 1246 601 1307 sententiam
627 1246 838 1327 subsequitur,
855 1251 1079 1330 suspenditur;

149 1338 207 1398 sed
220 1338 303 1417 parit
324 1341 450 1408 tautum¹
467 1339 612 1398 effectum
634 1338 859 1418 devolutivum,
887 1343 974 1421 quod
987 1345 1082 1410 idem

150 1431 246 1493 etiam
261 1429 429 1491 dicendum
443 1433 489 1491 est
503 1430 542 1490 de
558 1431 762 1510 suspensione
778 1432 818 1494 ab
833 1430 935 1498 officio
961 1435 1079 1520 divino,

149 1528 182 1586 et
196 1523 428 1602 asuspensione
443 1522 483 1584 ah
498 1523 641 1602 ingressu
657 1524 807 1586 eoelesiae.

132 1681 133 1684 ,
189 1619 267 1680 Cum
281 1616 364 1677 enim
383 1633 516 1678 censura
532 1634 640 1677 seeum
653 1617 759 1680 trahat
778 1619 995 1684 executionem
1009 1639 1081 1685 sen-

148 1710 266 1787 tentiae,
283 1727 345 1790 quo
355 1709 455 1788 magis
468 1709 587 1770 scilieet
600 1709 758 1787 timeatur,
778 1712 809 1772 et
823 1729 862 1774 ne
874 1731 932 1793 per
944 1716 1081 1795 appella-

148 1801 341 1876 tionestales
364 1801 494 1864 vilescat
520 1801 690 1864 auctoritas
705 1802 864 1883 ecelesia,
896 1812 927 1868 et
946 1825 1081 1871 censura

122 1967 125 1974 1
151 1899 383 1972 contemnatur,
417 1897 644 1974 consequenter
681 1913 745 1957 non
775 1895 904 1960 habebit
935 1901 1081 1962 effectum

149 1988 367 2067 suspensivum
379 1987 554 2068 postposita
567 1987 745 2066 appellatio,
772 1988 827 2049 sed
843 1992 966 2052 tantum
987 1992 1081 2076 devo7

123 2141 127 2143 ,
149 2079 293 2158 lutivum‚
306 2079 445 2160 utjudex
459 2080 500 2142 ad
522 2097 616 2160 quem
640 2079 819 2142 examinare
842 2083 958 2163 possit,
974 2091 1081 2148 utrum

147 2171 231 2253 juste
241 2173 306 2234 lata
315 2172 365 2250 sit,
379 2175 410 2234 et
417 2172 580 2234 absolvere
592 2173 631 2234 ab
641 2189 693 2250 ea,
705 2173 731 2234 si
739 2173 895 2253 videatur,
909 2179 964 2239 aut
975 2177 1080 2240 remit·
1151 2243 1152 2247 ,

150 2268 217 2327 tere
237 2283 293 2343 pro
316 2264 511 2326 absolutione
527 2264 566 2325 ab
591 2264 949 2346 excommunicatorem,
974 2288 1005 2332 v.
1031 2287 1077 2349 g.,

151 2357 336 2438 quinimmo
359 2357 584 2418 nonobstante
604 2356 813 2437 appellatione
835 2359 891 2420 tali
905 2377 968 2420 nun
980 2359 1080 2441 impe-

150 2450 235 2512 ditur
258 2449 367 2530 judex,
385 2449 446 2530 ¹qui
467 2448 758 2527 excommunicavit,
788 2467 818 2512 v.
850 2469 895 2532 g.,
929 2451 1079 2534 aliquem,

152 2543 318 2624 quominus
344 2543 441 2604 talem
464 2542 768 2604 excommunicatum
797 2562 888 2623 esse,
916 2545 1081 2611 denuntiet

67 2631 69 2634 ’
150 2637 286 2717 publice,
316 2636 368 2697 vix
393 2637 499 2697 tamen
529 2634 623 2696 hodie
653 2634 721 2712 fieri
742 2635 802 2698 hoc
835 2655 927 2716 posse
955 2639 1080 2702 videtur

31 2811 32 2816 ἵ
150 2731 222 2810 post
242 2728 351 2790 concil.
370 2730 522 2789 constant.
556 2730 716 2806 extravag.
747 2727 788 2788 ud
806 2725 953 2808 evitando,
970 2731 1024 2794 uhi
1040 2732 1104 2794 de·

151 2819 298 2898 vitandis,
315 2824 347 2882 et
357 2837 420 2890 non
435 2818 570 2881 vitandis
585 2820 863 2884 excommunicatis
878 2822 1036 2886 statuitur.

176 2913 311 2977 -Gertius
320 2915 377 2990 est,
390 2929 462 2973 oum
474 2929 511 2971 ea
523 2929 593 2989 quae
607 2912 795 2972 aeommnni
804 2913 875 2993 J'ure
890 2914 1077 2994 exorbitant,

152 3006 349 3070 extendenda
371 3023 434 3066 non
454 3000 526 3080 sint,
549 3003 632 3063 illius
645 3006 768 3064 tantum
782 3006 1011 3084 suspensionis,
1024 3023 1081 3086 per

150 3098 359 3180 postpositam
367 3095 621 3178 appellationem,
632 3095 848 3157 executionem
858 3115 920 3159 nun
928 3097 1080 3177 impedire

150 3193 282 3269 dieitur,
310 3209 380 3271 quae
408 3189 500 3252 sitab
526 3187 635 3256 officiis
661 3187 785 3266 divinis,
800 3195 854 3251 aut
876 3190 1019 3274 ingressu
1047 3193 1080 3254 in

150 3285 325 3362 eeclesiam,
351 3271 578 3362 consequenter
597 3281 638 3342 de
658 3279 726 3342 aliis
742 3281 1009 3362 suspensionibus,
1038 3285 1078 3348 ab

150 3375 304 3458 ingressu,
320 3397 351 3439 v.
366 3396 411 3456 g.‚
426 3376 459 3436 in
484 3374 528 3435 rei
544 3372 675 3456 alicujus
693 3374 932 3454 possessionem,
949 3377 1079 3457 aparci-

150 3467 597 3554 piendisiruotibushenefioii,
606 3471 679 3548 ete,
687 3467 818 3550 intelligi
826 3469 886 3532 hoc
897 3487 960 3534 non
970 3470 1077 3550 debet,
