<?xml version="1.0" encoding="UTF-8"?>
<!DOCTYPE html PUBLIC "-//W3C//DTD XHTML 1.0 Transitional//EN"
    "http://www.w3.org/TR/xhtml1/DTD/xhtml1-transitional.dtd">
<html xmlns="http://www.w3.org/1999/xhtml" xml:lang="en" lang="en">
 <head>
  <title>
</title>
<meta http-equiv="Content-Type" content="text/html;charset=utf-8" />
  <meta name='ocr-system' content='tesseract 3.04.00' />
  <meta name='ocr-capabilities' content='ocr_page ocr_carea ocr_par ocr_line ocrx_word'/>
</head>
<body>
  <div class='ocr_page' id='page_1' title='image "./institutionesju01marigoog_0218.png"; bbox 0 0 2578 4012; ppageno 0'>
   <div class='ocr_carea' id='block_1_1' title="bbox 393 263 1090 326">
    <p class='ocr_par' dir='ltr' id='par_1_1' title="bbox 393 263 1090 326">
     <span class='ocr_line' id='line_1_1' title="bbox 393 263 1090 326; baseline 0 -4"><span class='ocrx_word' id='word_1_1' title='bbox 393 275 431 324; x_wconf 82' lang='lat' dir='ltr'>uu</span> <span class='ocrx_word' id='word_1_2' title='bbox 454 277 645 324; x_wconf 74' lang='lat' dir='ltr'>brannacum</span> <span class='ocrx_word' id='word_1_3' title='bbox 666 279 858 326; x_wconf 71' lang='lat' dir='ltr'>praecessuri.</span> <span class='ocrx_word' id='word_1_4' title='bbox 1035 263 1090 322; x_wconf 73' lang='lat' dir='ltr'>alt</span> 
     </span>
    </p>
   </div>
   <div class='ocr_carea' id='block_1_2' title="bbox 112 415 1094 686">
    <p class='ocr_par' dir='ltr' id='par_1_2' title="bbox 112 415 1094 686">
     <span class='ocr_line' id='line_1_2' title="bbox 162 415 1094 501; baseline 0.004 -23"><span class='ocrx_word' id='word_1_5' title='bbox 162 415 266 479; x_wconf 86' lang='lat' dir='ltr'>clerici</span> <span class='ocrx_word' id='word_1_6' title='bbox 288 419 414 482; x_wconf 87' lang='lat' dir='ltr'>servitio</span> <span class='ocrx_word' id='word_1_7' title='bbox 430 421 562 501; x_wconf 87' lang='lat' dir='ltr'>alicujus</span> <span class='ocrx_word' id='word_1_8' title='bbox 575 422 717 486; x_wconf 82' lang='lat' dir='ltr'>ecclesia</span> <span class='ocrx_word' id='word_1_9' title='bbox 731 420 880 500; x_wconf 76' lang='lat' dir='ltr'>adscripti</span> <span class='ocrx_word' id='word_1_10' title='bbox 894 421 1005 482; x_wconf 86' lang='lat' dir='ltr'>abesse</span> <span class='ocrx_word' id='word_1_11' title='bbox 1020 440 1094 500; x_wconf 88' lang='lat' dir='ltr'>pos-</span> 
     </span>
     <span class='ocr_line' id='line_1_3' title="bbox 112 510 1094 593; baseline 0.007 -23"><span class='ocrx_word' id='word_1_12' title='bbox 112 585 114 587; x_wconf 21' lang='lat'>·</span> <span class='ocrx_word' id='word_1_13' title='bbox 162 510 223 572; x_wconf 87' lang='lat' dir='ltr'>sint</span> <span class='ocrx_word' id='word_1_14' title='bbox 235 512 354 591; x_wconf 82' lang='lat' dir='ltr'>absque</span> <span class='ocrx_word' id='word_1_15' title='bbox 366 512 433 593; x_wconf 88' lang='lat' dir='ltr'>ejus</span> <span class='ocrx_word' id='word_1_16' title='bbox 445 513 588 588; x_wconf 84' lang='lat' dir='ltr'>licentia3</span> <span class='ocrx_word' id='word_1_17' title='bbox 606 515 631 576; x_wconf 91' lang='lat' dir='ltr'>si</span> <span class='ocrx_word' id='word_1_18' title='bbox 646 519 752 577; x_wconf 88' lang='lat' dir='ltr'>autem</span> <span class='ocrx_word' id='word_1_19' title='bbox 762 514 829 593; x_wconf 92' lang='lat' dir='ltr'>ipse</span> <span class='ocrx_word' id='word_1_20' title='bbox 839 513 1094 576; x_wconf 74' lang='lat' dir='ltr'>irrationabiliter</span> 
     </span>
     <span class='ocr_line' id='line_1_4' title="bbox 160 602 1092 686; baseline 0.005 -24"><span class='ocrx_word' id='word_1_21' title='bbox 160 602 246 664; x_wconf 89' lang='lat' dir='ltr'>illam</span> <span class='ocrx_word' id='word_1_22' title='bbox 258 604 471 684; x_wconf 79' lang='lat' dir='ltr'>denegaverit,</span> <span class='ocrx_word' id='word_1_23' title='bbox 488 607 714 668; x_wconf 90' lang='lat' dir='ltr'>recurrendum</span> <span class='ocrx_word' id='word_1_24' title='bbox 729 610 776 669; x_wconf 89' lang='lat' dir='ltr'>est</span> <span class='ocrx_word' id='word_1_25' title='bbox 788 608 829 668; x_wconf 86' lang='lat' dir='ltr'>ed</span> <span class='ocrx_word' id='word_1_26' title='bbox 843 608 875 669; x_wconf 90' lang='lat' dir='ltr'>S.</span> <span class='ocrx_word' id='word_1_27' title='bbox 891 607 925 668; x_wconf 84' lang='lat' dir='ltr'>G.</span> <span class='ocrx_word' id='word_1_28' title='bbox 938 607 986 682; x_wconf 82' lang='lat' dir='ltr'>u,</span> <span class='ocrx_word' id='word_1_29' title='bbox 1004 605 1092 686; x_wconf 85' lang='lat' dir='ltr'>cujus</span> 
     </span>
    </p>
   </div>
   <div class='ocr_carea' id='block_1_3' title="bbox 162 695 1189 778">
    <p class='ocr_par' dir='ltr' id='par_1_3' title="bbox 162 695 1189 778">
     <span class='ocr_line' id='line_1_5' title="bbox 162 695 1189 778; baseline 0.003 -23"><span class='ocrx_word' id='word_1_30' title='bbox 162 695 221 757; x_wconf 89' lang='lat' dir='ltr'>erit</span> <span class='ocrx_word' id='word_1_31' title='bbox 241 696 332 776; x_wconf 85' lang='lat' dir='ltr'>juxta</span> <span class='ocrx_word' id='word_1_32' title='bbox 352 716 483 759; x_wconf 90' lang='lat' dir='ltr'>casuum</span> <span class='ocrx_word' id='word_1_33' title='bbox 502 699 749 778; x_wconf 79' lang='lat' dir='ltr'>contingentiam</span> <span class='ocrx_word' id='word_1_34' title='bbox 769 698 947 778; x_wconf 88' lang='lat' dir='ltr'>previdere.</span> <span class='ocrx_word' id='word_1_35' title='bbox 973 697 1093 778; x_wconf 77' lang='lat' dir='ltr'>(Terc-</span> <span class='ocrx_word' id='word_1_36' title='bbox 1187 723 1189 738; x_wconf 91' lang='lat'><em>·</em></span> 
     </span>
    </p>
   </div>
   <div class='ocr_carea' id='block_1_4' title="bbox 118 788 1142 3460">
    <p class='ocr_par' dir='ltr' id='par_1_4' title="bbox 165 788 447 870">
     <span class='ocr_line' id='line_1_6' title="bbox 165 788 447 870; baseline 0.021 -22"><span class='ocrx_word' id='word_1_37' title='bbox 165 788 257 851; x_wconf 81' lang='lat' dir='ltr'>cinca.</span> <span class='ocrx_word' id='word_1_38' title='bbox 269 789 330 869; x_wconf 81' lang='lat' dir='ltr'>seb.</span> <span class='ocrx_word' id='word_1_39' title='bbox 346 791 447 870; x_wconf 77' lang='lat'><strong>1628.)</strong></span> 
     </span>
    </p>

    <p class='ocr_par' dir='ltr' id='par_1_5' title="bbox 118 882 1142 2163">
     <span class='ocr_line' id='line_1_7' title="bbox 203 882 1092 964; baseline 0.002 -22"><span class='ocrx_word' id='word_1_40' title='bbox 203 882 235 942; x_wconf 80' lang='lat'>5⁰</span> <span class='ocrx_word' id='word_1_41' title='bbox 258 884 289 944; x_wconf 85' lang='lat' dir='ltr'>S.</span> <span class='ocrx_word' id='word_1_42' title='bbox 308 885 340 944; x_wconf 84' lang='lat' dir='ltr'>C.</span> <span class='ocrx_word' id='word_1_43' title='bbox 367 884 496 962; x_wconf 88' lang='lat' dir='ltr'>planum</span> <span class='ocrx_word' id='word_1_44' title='bbox 516 884 589 946; x_wconf 91' lang='lat' dir='ltr'>fecit</span> <span class='ocrx_word' id='word_1_45' title='bbox 612 903 648 945; x_wconf 91' lang='lat' dir='ltr'>ac</span> <span class='ocrx_word' id='word_1_46' title='bbox 670 884 886 964; x_wconf 89' lang='lat' dir='ltr'>perspicuum,</span> <span class='ocrx_word' id='word_1_47' title='bbox 910 884 1092 964; x_wconf 89' lang='lat' dir='ltr'>episcopum</span> 
     </span>
     <span class='ocr_line' id='line_1_8' title="bbox 160 975 1093 1054; baseline 0.008 -21"><span class='ocrx_word' id='word_1_48' title='bbox 160 993 227 1036; x_wconf 90' lang='lat' dir='ltr'>esse</span> <span class='ocrx_word' id='word_1_49' title='bbox 239 975 413 1054; x_wconf 89' lang='lat' dir='ltr'>parochum</span> <span class='ocrx_word' id='word_1_50' title='bbox 424 976 563 1038; x_wconf 86' lang='lat' dir='ltr'>ecclesiae</span> <span class='ocrx_word' id='word_1_51' title='bbox 573 977 762 1038; x_wconf 90' lang='lat' dir='ltr'>cathedralis</span> <span class='ocrx_word' id='word_1_52' title='bbox 772 977 868 1039; x_wconf 91' lang='lat' dir='ltr'>solius</span> <span class='ocrx_word' id='word_1_53' title='bbox 877 977 910 1038; x_wconf 89' lang='lat' dir='ltr'>in</span> <span class='ocrx_word' id='word_1_54' title='bbox 923 977 1049 1039; x_wconf 83' lang='lat' dir='ltr'>civitate</span> <span class='ocrx_word' id='word_1_55' title='bbox 1061 981 1093 1040; x_wconf 91' lang='lat' dir='ltr'>et</span> 
     </span>
     <span class='ocr_line' id='line_1_9' title="bbox 156 1067 1090 1150; baseline 0.004 -22"><span class='ocrx_word' id='word_1_56' title='bbox 156 1067 314 1129; x_wconf 87' lang='lat' dir='ltr'>territorio</span> <span class='ocrx_word' id='word_1_57' title='bbox 329 1069 456 1130; x_wconf 77' lang='lat' dir='ltr'>Andria</span> <span class='ocrx_word' id='word_1_58' title='bbox 479 1070 679 1148; x_wconf 75' lang='lat' dir='ltr'>parochialia,</span> <span class='ocrx_word' id='word_1_59' title='bbox 695 1070 800 1150; x_wconf 90' lang='lat' dir='ltr'>quoad</span> <span class='ocrx_word' id='word_1_60' title='bbox 815 1089 924 1132; x_wconf 90' lang='lat' dir='ltr'>omnes</span> <span class='ocrx_word' id='word_1_61' title='bbox 940 1072 1090 1146; x_wconf 83' lang='lat' dir='ltr'>effectus,</span> 
     </span>
     <span class='ocr_line' id='line_1_10' title="bbox 162 1160 1091 1243; baseline 0.006 -25"><span class='ocrx_word' id='word_1_62' title='bbox 162 1178 224 1221; x_wconf 90' lang='lat' dir='ltr'>ncn</span> <span class='ocrx_word' id='word_1_63' title='bbox 233 1178 308 1222; x_wconf 86' lang='lat' dir='ltr'>vero</span> <span class='ocrx_word' id='word_1_64' title='bbox 320 1160 490 1240; x_wconf 91' lang='lat' dir='ltr'>capitulum</span> <span class='ocrx_word' id='word_1_65' title='bbox 502 1162 691 1224; x_wconf 91' lang='lat' dir='ltr'>cathedralis</span> <span class='ocrx_word' id='word_1_66' title='bbox 700 1163 853 1242; x_wconf 88' lang='lat' dir='ltr'>ejusdem.</span> <span class='ocrx_word' id='word_1_67' title='bbox 870 1164 918 1243; x_wconf 67' lang='lat'>(23</span> <span class='ocrx_word' id='word_1_68' title='bbox 929 1182 978 1243; x_wconf 82' lang='lat' dir='ltr'>up.</span> <span class='ocrx_word' id='word_1_69' title='bbox 989 1162 1091 1242; x_wconf 77' lang='grc'>1763.)</span> 
     </span>
     <span class='ocr_line' id='line_1_11' title="bbox 161 1253 1090 1334; baseline 0.003 -22"><span class='ocrx_word' id='word_1_70' title='bbox 161 1253 366 1331; x_wconf 86' lang='lat' dir='ltr'>Reprcpcsito</span> <span class='ocrx_word' id='word_1_71' title='bbox 381 1253 454 1313; x_wconf 88' lang='lat' dir='ltr'>inde</span> <span class='ocrx_word' id='word_1_72' title='bbox 469 1254 565 1316; x_wconf 91' lang='lat' dir='ltr'>dubio</span> <span class='ocrx_word' id='word_1_73' title='bbox 581 1258 612 1316; x_wconf 92' lang='lat' dir='ltr'>et</span> <span class='ocrx_word' id='word_1_74' title='bbox 634 1255 757 1334; x_wconf 89' lang='lat' dir='ltr'>plenius</span> <span class='ocrx_word' id='word_1_75' title='bbox 773 1255 939 1332; x_wconf 88' lang='lat' dir='ltr'>illustrato,</span> <span class='ocrx_word' id='word_1_76' title='bbox 957 1255 1090 1330; x_wconf 88' lang='lat' dir='ltr'>censuit,</span> 
     </span>
     <span class='ocr_line' id='line_1_12' title="bbox 160 1345 1092 1424; baseline 0.004 -20"><span class='ocrx_word' id='word_1_77' title='bbox 160 1345 277 1424; x_wconf 84' lang='lat' dir='ltr'>praevio</span> <span class='ocrx_word' id='word_1_78' title='bbox 286 1363 440 1408; x_wconf 90' lang='lat' dir='ltr'>recessna</span> <span class='ocrx_word' id='word_1_79' title='bbox 452 1346 575 1424; x_wconf 90' lang='lat' dir='ltr'>decisis,</span> <span class='ocrx_word' id='word_1_80' title='bbox 588 1361 697 1408; x_wconf 87' lang='lat' dir='ltr'>curam</span> <span class='ocrx_word' id='word_1_81' title='bbox 708 1346 886 1408; x_wconf 87' lang='lat' dir='ltr'>animarum</span> <span class='ocrx_word' id='word_1_82' title='bbox 897 1347 1092 1408; x_wconf 84' lang='lat' dir='ltr'>habitualem</span> 
     </span>
     <span class='ocr_line' id='line_1_13' title="bbox 160 1437 1092 1519; baseline 0.004 -23"><span class='ocrx_word' id='word_1_83' title='bbox 160 1454 227 1497; x_wconf 91' lang='lat' dir='ltr'>esse</span> <span class='ocrx_word' id='word_1_84' title='bbox 242 1455 338 1515; x_wconf 89' lang='lat' dir='ltr'>penes</span> <span class='ocrx_word' id='word_1_85' title='bbox 351 1437 534 1516; x_wconf 84' lang='lat' dir='ltr'>capitulum.</span> <span class='ocrx_word' id='word_1_86' title='bbox 559 1439 610 1519; x_wconf 71' lang='lat'>(26</span> <span class='ocrx_word' id='word_1_87' title='bbox 623 1459 689 1502; x_wconf 88' lang='lat' dir='ltr'>nov.</span> <span class='ocrx_word' id='word_1_88' title='bbox 706 1438 808 1518; x_wconf 79' lang='grc'><strong>1763.)</strong></span> <span class='ocrx_word' id='word_1_89' title='bbox 825 1440 900 1500; x_wconf 91' lang='lat' dir='ltr'>Inde</span> <span class='ocrx_word' id='word_1_90' title='bbox 918 1439 1046 1501; x_wconf 88' lang='lat' dir='ltr'>resolvit</span> <span class='ocrx_word' id='word_1_91' title='bbox 1059 1439 1092 1500; x_wconf 92' lang='lat' dir='ltr'>in</span> 
     </span>
     <span class='ocr_line' id='line_1_14' title="bbox 118 1529 1093 1610; baseline 0.003 -19"><span class='ocrx_word' id='word_1_92' title='bbox 118 1587 121 1591; x_wconf 85' lang='lat'>.</span> <span class='ocrx_word' id='word_1_93' title='bbox 160 1529 304 1592; x_wconf 88' lang='lat' dir='ltr'>omnibus</span> <span class='ocrx_word' id='word_1_94' title='bbox 318 1530 611 1610; x_wconf 81' lang='lat' dir='ltr'>supplicationibus,</span> <span class='ocrx_word' id='word_1_95' title='bbox 628 1533 723 1594; x_wconf 87' lang='lat' dir='ltr'>etiam</span> <span class='ocrx_word' id='word_1_96' title='bbox 736 1533 938 1610; x_wconf 84' lang='lat' dir='ltr'>solemnibus,</span> <span class='ocrx_word' id='word_1_97' title='bbox 956 1536 988 1595; x_wconf 93' lang='lat' dir='ltr'>et</span> <span class='ocrx_word' id='word_1_98' title='bbox 1005 1533 1093 1594; x_wconf 87' lang='lat' dir='ltr'>fune-</span> 
     </span>
     <span class='ocr_line' id='line_1_15' title="bbox 159 1619 1094 1704; baseline 0.009 -25"><span class='ocrx_word' id='word_1_99' title='bbox 159 1619 246 1680; x_wconf 87' lang='lat' dir='ltr'>ribus</span> <span class='ocrx_word' id='word_1_100' title='bbox 262 1623 422 1702; x_wconf 81' lang='lat' dir='ltr'>explendis</span> <span class='ocrx_word' id='word_1_101' title='bbox 432 1641 452 1684; x_wconf 94' lang='lat' dir='ltr'>a</span> <span class='ocrx_word' id='word_1_102' title='bbox 462 1625 654 1704; x_wconf 87' lang='lat' dir='ltr'>presbyteris</span> <span class='ocrx_word' id='word_1_103' title='bbox 669 1625 809 1686; x_wconf 78' lang='lat' dir='ltr'>ecclesia</span> <span class='ocrx_word' id='word_1_104' title='bbox 821 1627 852 1688; x_wconf 89' lang='lat' dir='ltr'>S.</span> <span class='ocrx_word' id='word_1_105' title='bbox 865 1625 984 1687; x_wconf 90' lang='lat' dir='ltr'>Nicolai</span> <span class='ocrx_word' id='word_1_106' title='bbox 1000 1625 1094 1687; x_wconf 90' lang='lat' dir='ltr'>coad-</span> 
     </span>
     <span class='ocr_line' id='line_1_16' title="bbox 158 1711 1092 1798; baseline 0.006 -26"><span class='ocrx_word' id='word_1_107' title='bbox 158 1711 281 1792; x_wconf 87' lang='lat' dir='ltr'>jutricis</span> <span class='ocrx_word' id='word_1_108' title='bbox 295 1715 484 1793; x_wconf 89' lang='lat' dir='ltr'>parochialis</span> <span class='ocrx_word' id='word_1_109' title='bbox 495 1717 686 1779; x_wconf 89' lang='lat' dir='ltr'>cathedralis</span> <span class='ocrx_word' id='word_1_110' title='bbox 699 1718 825 1779; x_wconf 88' lang='lat' dir='ltr'>servitio</span> <span class='ocrx_word' id='word_1_111' title='bbox 841 1718 1017 1798; x_wconf 78' lang='lat' dir='ltr'>adscriptio,</span> <span class='ocrx_word' id='word_1_112' title='bbox 1029 1737 1092 1780; x_wconf 90' lang='lat' dir='ltr'>non</span> 
     </span>
     <span class='ocr_line' id='line_1_17' title="bbox 160 1807 1092 1889; baseline 0.008 -23"><span class='ocrx_word' id='word_1_113' title='bbox 160 1809 282 1868; x_wconf 86' lang='lat' dir='ltr'>tantum</span> <span class='ocrx_word' id='word_1_114' title='bbox 295 1807 335 1868; x_wconf 88' lang='lat' dir='ltr'>ah</span> <span class='ocrx_word' id='word_1_115' title='bbox 352 1808 511 1888; x_wconf 87' lang='lat' dir='ltr'>episcopo,</span> <span class='ocrx_word' id='word_1_116' title='bbox 528 1810 689 1871; x_wconf 91' lang='lat' dir='ltr'>sedetiam</span> <span class='ocrx_word' id='word_1_117' title='bbox 703 1830 723 1871; x_wconf 91' lang='lat' dir='ltr'>a</span> <span class='ocrx_word' id='word_1_118' title='bbox 738 1810 873 1888; x_wconf 88' lang='lat' dir='ltr'>capitulo</span> <span class='ocrx_word' id='word_1_119' title='bbox 890 1811 981 1873; x_wconf 92' lang='lat' dir='ltr'>unico</span> <span class='ocrx_word' id='word_1_120' title='bbox 997 1829 1092 1889; x_wconf 85' lang='lat' dir='ltr'>parc-</span> 
     </span>
     <span class='ocr_line' id='line_1_18' title="bbox 163 1897 1138 1980; baseline 0.006 -24"><span class='ocrx_word' id='word_1_121' title='bbox 163 1897 243 1976; x_wconf 92' lang='lat' dir='ltr'>cbc,</span> <span class='ocrx_word' id='word_1_122' title='bbox 275 1901 379 1980; x_wconf 92' lang='lat' dir='ltr'>quoad</span> <span class='ocrx_word' id='word_1_123' title='bbox 408 1900 650 1979; x_wconf 85' lang='lat' dir='ltr'>supplicationes</span> <span class='ocrx_word' id='word_1_124' title='bbox 675 1905 798 1964; x_wconf 91' lang='lat' dir='ltr'>tantum</span> <span class='ocrx_word' id='word_1_125' title='bbox 824 1908 912 1962; x_wconf 87' lang='lat' dir='ltr'>extra</span> <span class='ocrx_word' id='word_1_126' title='bbox 937 1901 1091 1964; x_wconf 87' lang='lat' dir='ltr'>ambitum</span> <span class='ocrx_word' id='word_1_127' title='bbox 1131 1966 1138 1978; x_wconf 53' lang='lat'>‚.</span> 
     </span>
     <span class='ocr_line' id='line_1_19' title="bbox 161 1986 1142 2074; baseline 0.003 -22"><span class='ocrx_word' id='word_1_128' title='bbox 161 1991 310 2072; x_wconf 80' lang='lat' dir='ltr'>agendas,</span> <span class='ocrx_word' id='word_1_129' title='bbox 336 1992 472 2072; x_wconf 90' lang='lat' dir='ltr'>petenda</span> <span class='ocrx_word' id='word_1_130' title='bbox 500 1996 601 2056; x_wconf 91' lang='lat' dir='ltr'>estet</span> <span class='ocrx_word' id='word_1_131' title='bbox 628 1994 799 2056; x_wconf 84' lang='lat' dir='ltr'>obtinenda</span> <span class='ocrx_word' id='word_1_132' title='bbox 823 1994 959 2057; x_wconf 91' lang='lat' dir='ltr'>licentia.</span> <span class='ocrx_word' id='word_1_133' title='bbox 985 1994 1089 2074; x_wconf 64' lang='lat' dir='ltr'>(Eud.</span> <span class='ocrx_word' id='word_1_134' title='bbox 1140 1986 1142 1991; x_wconf 75' lang='grc'><strong>’</strong></span> 
     </span>
     <span class='ocr_line' id='line_1_20' title="bbox 160 2084 273 2163; baseline -0.018 -17"><span class='ocrx_word' id='word_1_135' title='bbox 160 2084 273 2163; x_wconf 82' lang='lat' dir='ltr'>ceusu.)</span> 
     </span>
    </p>

    <p class='ocr_par' dir='ltr' id='par_1_6' title="bbox 158 2177 1101 3460">
     <span class='ocr_line' id='line_1_21' title="bbox 182 2177 1091 2258; baseline 0 -18"><span class='ocrx_word' id='word_1_136' title='bbox 182 2181 234 2240; x_wconf 81' lang='lat'>&#39;6⁰</span> <span class='ocrx_word' id='word_1_137' title='bbox 254 2179 361 2238; x_wconf 90' lang='lat' dir='ltr'>Potest</span> <span class='ocrx_word' id='word_1_138' title='bbox 387 2177 552 2258; x_wconf 89' lang='lat' dir='ltr'>episcopus</span> <span class='ocrx_word' id='word_1_139' title='bbox 578 2178 611 2238; x_wconf 90' lang='lat' dir='ltr'>in</span> <span class='ocrx_word' id='word_1_140' title='bbox 633 2179 753 2256; x_wconf 88' lang='lat' dir='ltr'>syuodo</span> <span class='ocrx_word' id='word_1_141' title='bbox 780 2180 959 2241; x_wconf 87' lang='lat' dir='ltr'>dioecesana</span> <span class='ocrx_word' id='word_1_142' title='bbox 988 2181 1091 2240; x_wconf 85' lang='lat' dir='ltr'>lacere</span> 
     </span>
     <span class='ocr_line' id='line_1_22' title="bbox 160 2269 1088 2353; baseline 0.003 -23"><span class='ocrx_word' id='word_1_143' title='bbox 160 2269 396 2331; x_wconf 88' lang='lat' dir='ltr'>constitutiones</span> <span class='ocrx_word' id='word_1_144' title='bbox 411 2270 528 2351; x_wconf 86' lang='lat' dir='ltr'>absque</span> <span class='ocrx_word' id='word_1_145' title='bbox 546 2289 700 2332; x_wconf 90' lang='lat' dir='ltr'>consensu</span> <span class='ocrx_word' id='word_1_146' title='bbox 713 2275 744 2333; x_wconf 91' lang='lat' dir='ltr'>et</span> <span class='ocrx_word' id='word_1_147' title='bbox 758 2271 985 2352; x_wconf 89' lang='lat' dir='ltr'>approbatione</span> <span class='ocrx_word' id='word_1_148' title='bbox 995 2273 1088 2353; x_wconf 78' lang='lat' dir='ltr'>cleri3</span> 
     </span>
     <span class='ocr_line' id='line_1_23' title="bbox 161 2362 1090 2444; baseline 0.002 -20"><span class='ocrx_word' id='word_1_149' title='bbox 161 2362 255 2424; x_wconf 93' lang='lat' dir='ltr'>debet</span> <span class='ocrx_word' id='word_1_150' title='bbox 267 2365 374 2423; x_wconf 89' lang='lat' dir='ltr'>tamen</span> <span class='ocrx_word' id='word_1_151' title='bbox 388 2363 547 2441; x_wconf 89' lang='lat' dir='ltr'>requirere</span> <span class='ocrx_word' id='word_1_152' title='bbox 559 2382 747 2425; x_wconf 90' lang='lat' dir='ltr'>consensum</span> <span class='ocrx_word' id='word_1_153' title='bbox 758 2364 897 2444; x_wconf 90' lang='lat' dir='ltr'>capituli,</span> <span class='ocrx_word' id='word_1_154' title='bbox 913 2365 987 2427; x_wconf 90' lang='lat' dir='ltr'>licet</span> <span class='ocrx_word' id='word_1_155' title='bbox 1002 2365 1090 2426; x_wconf 92' lang='lat' dir='ltr'>illum</span> 
     </span>
     <span class='ocr_line' id='line_1_24' title="bbox 159 2455 1088 2537; baseline 0.004 -23"><span class='ocrx_word' id='word_1_156' title='bbox 159 2473 223 2516; x_wconf 91' lang='lat' dir='ltr'>non</span> <span class='ocrx_word' id='word_1_157' title='bbox 241 2457 387 2515; x_wconf 88' lang='lat' dir='ltr'>tencatur</span> <span class='ocrx_word' id='word_1_158' title='bbox 401 2455 509 2534; x_wconf 91' lang='lat' dir='ltr'>sequi,</span> <span class='ocrx_word' id='word_1_159' title='bbox 527 2455 586 2517; x_wconf 92' lang='lat' dir='ltr'>nisi</span> <span class='ocrx_word' id='word_1_160' title='bbox 600 2457 633 2516; x_wconf 90' lang='lat' dir='ltr'>iu</span> <span class='ocrx_word' id='word_1_161' title='bbox 654 2456 779 2519; x_wconf 85' lang='lat' dir='ltr'>casibus</span> <span class='ocrx_word' id='word_1_162' title='bbox 791 2477 810 2518; x_wconf 91' lang='lat' dir='ltr'>a</span> <span class='ocrx_word' id='word_1_163' title='bbox 821 2457 892 2537; x_wconf 87' lang='lat' dir='ltr'>jure</span> <span class='ocrx_word' id='word_1_164' title='bbox 914 2457 1068 2537; x_wconf 87' lang='lat' dir='ltr'>expressis</span> <span class='ocrx_word' id='word_1_165' title='bbox 1080 2505 1088 2535; x_wconf 97' lang='lat'>,</span> 
     </span>
     <span class='ocr_line' id='line_1_25' title="bbox 159 2546 1092 2627; baseline 0.003 -19"><span class='ocrx_word' id='word_1_166' title='bbox 159 2546 282 2608; x_wconf 77' lang='lat' dir='ltr'>edmnsi</span> <span class='ocrx_word' id='word_1_167' title='bbox 309 2546 469 2608; x_wconf 81' lang='lat' dir='ltr'>exterma</span> <span class='ocrx_word' id='word_1_168' title='bbox 493 2549 616 2610; x_wconf 91' lang='lat' dir='ltr'>romani</span> <span class='ocrx_word' id='word_1_169' title='bbox 639 2550 826 2627; x_wconf 83' lang='lat' dir='ltr'>pontificalis</span> <span class='ocrx_word' id='word_1_170' title='bbox 848 2550 880 2611; x_wconf 90' lang='lat' dir='ltr'>in</span> <span class='ocrx_word' id='word_1_171' title='bbox 903 2551 1092 2614; x_wconf 86' lang='lat' dir='ltr'>celebrande</span> 
     </span>
     <span class='ocr_line' id='line_1_26' title="bbox 159 2639 1088 2722; baseline 0.003 -22"><span class='ocrx_word' id='word_1_172' title='bbox 159 2639 338 2700; x_wconf 74' lang='lat' dir='ltr'>dioecesana</span> <span class='ocrx_word' id='word_1_173' title='bbox 360 2641 391 2701; x_wconf 90' lang='lat' dir='ltr'>et</span> <span class='ocrx_word' id='word_1_174' title='bbox 404 2640 586 2719; x_wconf 90' lang='lat' dir='ltr'>provinciali</span> <span class='ocrx_word' id='word_1_175' title='bbox 604 2643 724 2720; x_wconf 89' lang='lat' dir='ltr'>syuodo</span> <span class='ocrx_word' id='word_1_176' title='bbox 747 2662 893 2722; x_wconf 86' lang='lat' dir='ltr'>expresse</span> <span class='ocrx_word' id='word_1_177' title='bbox 915 2644 1088 2721; x_wconf 88' lang='lat' dir='ltr'>habeatur,</span> 
     </span>
     <span class='ocr_line' id='line_1_27' title="bbox 158 2730 1091 2816; baseline 0.002 -23"><span class='ocrx_word' id='word_1_178' title='bbox 158 2737 193 2816; x_wconf 90' lang='lat' dir='ltr'>ut</span> <span class='ocrx_word' id='word_1_179' title='bbox 204 2730 438 2793; x_wconf 86' lang='lat' dir='ltr'>constitutiones</span> <span class='ocrx_word' id='word_1_180' title='bbox 453 2733 484 2792; x_wconf 92' lang='lat' dir='ltr'>in</span> <span class='ocrx_word' id='word_1_181' title='bbox 499 2734 619 2812; x_wconf 86' lang='lat' dir='ltr'>synodo</span> <span class='ocrx_word' id='word_1_182' title='bbox 632 2734 830 2812; x_wconf 72' lang='lat' dir='ltr'>publicandae</span> <span class='ocrx_word' id='word_1_183' title='bbox 845 2755 865 2796; x_wconf 92' lang='lat' dir='ltr'>a</span> <span class='ocrx_word' id='word_1_184' title='bbox 878 2736 1020 2815; x_wconf 89' lang='lat' dir='ltr'>patribus</span> <span class='ocrx_word' id='word_1_185' title='bbox 1032 2754 1091 2816; x_wconf 90' lang='lat' dir='ltr'>per</span> 
     </span>
     <span class='ocr_line' id='line_1_28' title="bbox 158 2823 1090 2908; baseline 0.008 -24"><span class='ocrx_word' id='word_1_186' title='bbox 158 2824 290 2886; x_wconf 86' lang='lat' dir='ltr'>verbum</span> <span class='ocrx_word' id='word_1_187' title='bbox 293 2823 856 2906; x_wconf 79' lang='lat' dir='ltr'>placetconfirmentur.(Veneticrcm,</span> <span class='ocrx_word' id='word_1_188' title='bbox 865 2831 900 2890; x_wconf 70' lang='lat' dir='ltr'>tl</span> <span class='ocrx_word' id='word_1_189' title='bbox 911 2847 977 2908; x_wconf 81' lang='lat' dir='ltr'>apr.</span> <span class='ocrx_word' id='word_1_190' title='bbox 988 2827 1090 2906; x_wconf 71' lang='lat'>1592.)</span> 
     </span>
     <span class='ocr_line' id='line_1_29' title="bbox 169 2915 1091 3000; baseline 0.004 -24"><span class='ocrx_word' id='word_1_191' title='bbox 169 2927 172 2933; x_wconf 81' lang='grc'>’</span> <span class='ocrx_word' id='word_1_192' title='bbox 197 2921 232 2976; x_wconf 80' lang='lat'>7⁰</span> <span class='ocrx_word' id='word_1_193' title='bbox 253 2915 429 2978; x_wconf 85' lang='lat' dir='ltr'>Declaravit</span> <span class='ocrx_word' id='word_1_194' title='bbox 444 2918 476 2979; x_wconf 88' lang='lat' dir='ltr'>S.</span> <span class='ocrx_word' id='word_1_195' title='bbox 493 2919 526 2979; x_wconf 83' lang='lat' dir='ltr'>G.</span> <span class='ocrx_word' id='word_1_196' title='bbox 544 2919 577 2978; x_wconf 85' lang='lat' dir='ltr'>G.</span> <span class='ocrx_word' id='word_1_197' title='bbox 602 2918 720 2980; x_wconf 90' lang='lat' dir='ltr'>nullam</span> <span class='ocrx_word' id='word_1_198' title='bbox 735 2920 852 3000; x_wconf 88' lang='lat' dir='ltr'>requiri</span> <span class='ocrx_word' id='word_1_199' title='bbox 875 2920 1035 2981; x_wconf 89' lang='lat' dir='ltr'>licentiam</span> <span class='ocrx_word' id='word_1_200' title='bbox 1051 2920 1091 2980; x_wconf 89' lang='lat' dir='ltr'>ad</span> 
     </span>
     <span class='ocr_line' id='line_1_30' title="bbox 160 3009 1086 3093; baseline 0.002 -23"><span class='ocrx_word' id='word_1_201' title='bbox 160 3010 220 3071; x_wconf 87' lang='lat' dir='ltr'>hoo</span> <span class='ocrx_word' id='word_1_202' title='bbox 232 3012 267 3071; x_wconf 91' lang='lat' dir='ltr'>ut</span> <span class='ocrx_word' id='word_1_203' title='bbox 281 3009 547 3093; x_wconf 89' lang='lat' dir='ltr'>canoniciabesse</span> <span class='ocrx_word' id='word_1_204' title='bbox 562 3009 682 3088; x_wconf 89' lang='lat' dir='ltr'>possint</span> <span class='ocrx_word' id='word_1_205' title='bbox 695 3012 727 3071; x_wconf 93' lang='lat' dir='ltr'>in</span> <span class='ocrx_word' id='word_1_206' title='bbox 742 3012 901 3073; x_wconf 87' lang='lat' dir='ltr'>mensibus</span> <span class='ocrx_word' id='word_1_207' title='bbox 917 3030 936 3073; x_wconf 91' lang='lat' dir='ltr'>a</span> <span class='ocrx_word' id='word_1_208' title='bbox 950 3014 984 3072; x_wconf 87' lang='lat' dir='ltr'>ll.</span> <span class='ocrx_word' id='word_1_209' title='bbox 1002 3011 1086 3072; x_wconf 83' lang='lat' dir='ltr'>Trid.</span> 
     </span>
     <span class='ocr_line' id='line_1_31' title="bbox 158 3100 1091 3181; baseline 0.001 -18"><span class='ocrx_word' id='word_1_210' title='bbox 158 3100 334 3181; x_wconf 87' lang='lat' dir='ltr'>permissis:</span> <span class='ocrx_word' id='word_1_211' title='bbox 349 3102 471 3164; x_wconf 90' lang='lat' dir='ltr'>censuit</span> <span class='ocrx_word' id='word_1_212' title='bbox 481 3105 587 3163; x_wconf 91' lang='lat' dir='ltr'>tamen</span> <span class='ocrx_word' id='word_1_213' title='bbox 598 3102 678 3163; x_wconf 91' lang='lat' dir='ltr'>banc</span> <span class='ocrx_word' id='word_1_214' title='bbox 692 3104 936 3165; x_wconf 86' lang='lat' dir='ltr'>declarationem</span> <span class='ocrx_word' id='word_1_215' title='bbox 948 3122 1011 3165; x_wconf 92' lang='lat' dir='ltr'>ncn</span> <span class='ocrx_word' id='word_1_216' title='bbox 1023 3104 1091 3164; x_wconf 87' lang='lat' dir='ltr'>vin-</span> 
     </span>
     <span class='ocr_line' id='line_1_32' title="bbox 160 3193 1090 3274; baseline 0.002 -18"><span class='ocrx_word' id='word_1_217' title='bbox 160 3195 265 3256; x_wconf 91' lang='lat' dir='ltr'>dicare</span> <span class='ocrx_word' id='word_1_218' title='bbox 281 3193 339 3254; x_wconf 91' lang='lat' dir='ltr'>sibi</span> <span class='ocrx_word' id='word_1_219' title='bbox 350 3195 466 3271; x_wconf 90' lang='lat' dir='ltr'>locum,</span> <span class='ocrx_word' id='word_1_220' title='bbox 483 3194 605 3274; x_wconf 89' lang='lat' dir='ltr'>quoties</span> <span class='ocrx_word' id='word_1_221' title='bbox 621 3195 761 3257; x_wconf 91' lang='lat' dir='ltr'>canonici</span> <span class='ocrx_word' id='word_1_222' title='bbox 775 3196 935 3257; x_wconf 87' lang='lat' dir='ltr'>licentiam</span> <span class='ocrx_word' id='word_1_223' title='bbox 952 3214 1019 3257; x_wconf 87' lang='lat' dir='ltr'>esse</span> <span class='ocrx_word' id='word_1_224' title='bbox 1037 3197 1090 3258; x_wconf 91' lang='lat' dir='ltr'>cb·</span> 
     </span>
     <span class='ocr_line' id='line_1_33' title="bbox 158 3287 1090 3368; baseline 0.001 -19"><span class='ocrx_word' id='word_1_225' title='bbox 158 3287 321 3350; x_wconf 87' lang='lat' dir='ltr'>tinendam</span> <span class='ocrx_word' id='word_1_226' title='bbox 346 3291 485 3366; x_wconf 90' lang='lat' dir='ltr'>putant:</span> <span class='ocrx_word' id='word_1_227' title='bbox 510 3290 659 3349; x_wconf 78' lang='lat' dir='ltr'>caeterum</span> <span class='ocrx_word' id='word_1_228' title='bbox 684 3289 867 3368; x_wconf 90' lang='lat' dir='ltr'>episcopum</span> <span class='ocrx_word' id='word_1_229' title='bbox 888 3307 950 3350; x_wconf 90' lang='lat' dir='ltr'>non</span> <span class='ocrx_word' id='word_1_230' title='bbox 975 3289 1090 3350; x_wconf 90' lang='lat' dir='ltr'>debere</span> 
     </span>
     <span class='ocr_line' id='line_1_34' title="bbox 158 3379 1101 3460; baseline 0.005 -21"><span class='ocrx_word' id='word_1_231' title='bbox 158 3379 243 3440; x_wconf 89' lang='lat' dir='ltr'>illam</span> <span class='ocrx_word' id='word_1_232' title='bbox 255 3379 374 3458; x_wconf 86' lang='lat' dir='ltr'>absque</span> <span class='ocrx_word' id='word_1_233' title='bbox 384 3380 561 3441; x_wconf 85' lang='lat' dir='ltr'>rationabili</span> <span class='ocrx_word' id='word_1_234' title='bbox 573 3397 669 3442; x_wconf 90' lang='lat' dir='ltr'>causa</span> <span class='ocrx_word' id='word_1_235' title='bbox 679 3381 847 3460; x_wconf 81' lang='lat' dir='ltr'>denegare.</span> <span class='ocrx_word' id='word_1_236' title='bbox 858 3380 889 3459; x_wconf 82' lang='grc'>(9</span> <span class='ocrx_word' id='word_1_237' title='bbox 903 3380 977 3442; x_wconf 80' lang='lat' dir='ltr'>mcii</span> <span class='ocrx_word' id='word_1_238' title='bbox 985 3382 1101 3460; x_wconf 72' lang='lat' dir='ltr'>l628.)·</span> 
     </span>
    </p>
   </div>
   <div class='ocr_carea' id='block_1_5' title="bbox 25 3471 1089 3560">
    <p class='ocr_par' dir='ltr' id='par_1_7' title="bbox 25 3471 1089 3560">
     <span class='ocr_line' id='line_1_35' title="bbox 25 3471 1089 3560; baseline 0.002 -28"><span class='ocrx_word' id='word_1_239' title='bbox 25 3480 28 3490; x_wconf 86' lang='grc'><strong><em>·</em></strong></span> <span class='ocrx_word' id='word_1_240' title='bbox 146 3471 347 3560; x_wconf 60' lang='grc' dir='ltr'>7Ερίεοοριιῐιι</span> <span class='ocrx_word' id='word_1_241' title='bbox 361 3489 452 3550; x_wconf 90' lang='lat' dir='ltr'>posse</span> <span class='ocrx_word' id='word_1_242' title='bbox 465 3473 589 3543; x_wconf 89' lang='lat' dir='ltr'>edicere</span> <span class='ocrx_word' id='word_1_243' title='bbox 600 3493 640 3536; x_wconf 88' lang='lat' dir='ltr'>ne</span> <span class='ocrx_word' id='word_1_244' title='bbox 650 3473 818 3554; x_wconf 79' lang='lat' dir='ltr'>dignitates</span> <span class='ocrx_word' id='word_1_245' title='bbox 827 3476 859 3538; x_wconf 88' lang='lat' dir='ltr'>et</span> <span class='ocrx_word' id='word_1_246' title='bbox 868 3474 1011 3538; x_wconf 90' lang='lat' dir='ltr'>canonici</span> <span class='ocrx_word' id='word_1_247' title='bbox 1021 3473 1089 3541; x_wconf 89' lang='lat' dir='ltr'>sine</span> 
     </span>
    </p>
   </div>
   <div class='ocr_carea' id='block_1_6' title="bbox 0 0 1294 4012">
    <p class='ocr_par' dir='ltr' id='par_1_8' title="bbox 0 0 1294 4012">
     <span class='ocr_line' id='line_1_36' title="bbox 0 0 1294 4012; baseline 0 1"><span class='ocrx_word' id='word_1_248' title='bbox 0 0 1294 4012; x_wconf 95' lang='lat' dir='ltr'> </span> 
     </span>
    </p>
   </div>
  </div>
 </body>
</html>
