<?xml version="1.0" encoding="UTF-8"?>
<!DOCTYPE html PUBLIC "-//W3C//DTD XHTML 1.0 Transitional//EN"
    "http://www.w3.org/TR/xhtml1/DTD/xhtml1-transitional.dtd">
<html xmlns="http://www.w3.org/1999/xhtml" xml:lang="en" lang="en">
 <head>
  <title>
</title>
<meta http-equiv="Content-Type" content="text/html;charset=utf-8" />
  <meta name='ocr-system' content='tesseract 3.04.00' />
  <meta name='ocr-capabilities' content='ocr_page ocr_carea ocr_par ocr_line ocrx_word'/>
</head>
<body>
  <div class='ocr_page' id='page_1' title='image "./institutionesju01marigoog_0154.png"; bbox 0 0 2586 4020; ppageno 0'>
   <div class='ocr_carea' id='block_1_1' title="bbox 548 297 1114 358">
    <p class='ocr_par' dir='ltr' id='par_1_1' title="bbox 548 297 1114 358">
     <span class='ocr_line' id='line_1_1' title="bbox 548 297 1114 358; baseline 0.002 -1"><span class='ocrx_word' id='word_1_1' title='bbox 548 310 587 357; x_wconf 85' lang='lat' dir='ltr'>nn</span> <span class='ocrx_word' id='word_1_2' title='bbox 607 309 746 358; x_wconf 79' lang='lat' dir='ltr'>sumens.</span> <span class='ocrx_word' id='word_1_3' title='bbox 784 304 787 306; x_wconf 86' lang='grc'><em>·</em></span> <span class='ocrx_word' id='word_1_4' title='bbox 1058 297 1114 358; x_wconf 71' lang='lat' dir='ltr'>lli</span> 
     </span>
    </p>
   </div>
   <div class='ocr_carea' id='block_1_2' title="bbox 178 455 1117 1004">
    <p class='ocr_par' dir='ltr' id='par_1_2' title="bbox 179 455 1117 536">
     <span class='ocr_line' id='line_1_2' title="bbox 179 455 1117 536; baseline -0.009 -8"><span class='ocrx_word' id='word_1_5' title='bbox 179 479 284 528; x_wconf 72' lang='lat' dir='ltr'>cause</span> <span class='ocrx_word' id='word_1_6' title='bbox 300 479 364 523; x_wconf 90' lang='lat' dir='ltr'>non</span> <span class='ocrx_word' id='word_1_7' title='bbox 379 475 529 522; x_wconf 83' lang='lat' dir='ltr'>connexae</span> <span class='ocrx_word' id='word_1_8' title='bbox 544 457 576 518; x_wconf 90' lang='lat' dir='ltr'>in</span> <span class='ocrx_word' id='word_1_9' title='bbox 588 457 700 520; x_wconf 88' lang='lat' dir='ltr'>eodem</span> <span class='ocrx_word' id='word_1_10' title='bbox 712 455 863 535; x_wconf 87' lang='lat' dir='ltr'>rescripto</span> <span class='ocrx_word' id='word_1_11' title='bbox 878 460 1046 536; x_wconf 87' lang='lat' dir='ltr'>ponantur,</span> <span class='ocrx_word' id='word_1_12' title='bbox 1069 461 1117 520; x_wconf 88' lang='lat' dir='ltr'>at-</span> 
     </span>
    </p>

    <p class='ocr_par' dir='ltr' id='par_1_3' title="bbox 178 547 1113 631">
     <span class='ocr_line' id='line_1_3' title="bbox 178 547 1113 631; baseline -0.005 -13"><span class='ocrx_word' id='word_1_13' title='bbox 178 555 266 618; x_wconf 73' lang='lat' dir='ltr'>tondi</span> <span class='ocrx_word' id='word_1_14' title='bbox 276 553 381 631; x_wconf 86' lang='lat' dir='ltr'>debet,</span> <span class='ocrx_word' id='word_1_15' title='bbox 396 551 450 614; x_wconf 89' lang='lat' dir='ltr'>ubi</span> <span class='ocrx_word' id='word_1_16' title='bbox 461 547 749 630; x_wconf 83' lang='lat' dir='ltr'>ponatur-clausula</span> <span class='ocrx_word' id='word_1_17' title='bbox 759 549 970 628; x_wconf 77' lang='lat' dir='ltr'>appellatione</span> <span class='ocrx_word' id='word_1_18' title='bbox 980 554 1113 628; x_wconf 86' lang='lat' dir='ltr'>remota,</span> 
     </span>
    </p>

    <p class='ocr_par' dir='ltr' id='par_1_4' title="bbox 179 641 1113 723">
     <span class='ocr_line' id='line_1_4' title="bbox 179 641 1113 723; baseline -0.006 -13"><span class='ocrx_word' id='word_1_19' title='bbox 179 649 225 710; x_wconf 81' lang='lat' dir='ltr'>ita</span> <span class='ocrx_word' id='word_1_20' title='bbox 239 645 328 708; x_wconf 80' lang='lat' dir='ltr'>ulad</span> <span class='ocrx_word' id='word_1_21' title='bbox 347 644 454 707; x_wconf 88' lang='lat' dir='ltr'>omnia</span> <span class='ocrx_word' id='word_1_22' title='bbox 470 642 689 706; x_wconf 78' lang='lat' dir='ltr'>antecedentia</span> <span class='ocrx_word' id='word_1_23' title='bbox 709 641 833 703; x_wconf 84' lang='lat' dir='ltr'>extendi</span> <span class='ocrx_word' id='word_1_24' title='bbox 861 643 989 723; x_wconf 87' lang='lat' dir='ltr'>quidem</span> <span class='ocrx_word' id='word_1_25' title='bbox 1004 643 1113 722; x_wconf 87' lang='lat' dir='ltr'>possit,</span> 
     </span>
    </p>

    <p class='ocr_par' dir='ltr' id='par_1_5' title="bbox 178 734 1116 816">
     <span class='ocr_line' id='line_1_5' title="bbox 178 734 1116 816; baseline -0.004 -14"><span class='ocrx_word' id='word_1_26' title='bbox 178 759 242 804; x_wconf 90' lang='lat' dir='ltr'>non</span> <span class='ocrx_word' id='word_1_27' title='bbox 254 743 360 802; x_wconf 85' lang='lat' dir='ltr'>eutem</span> <span class='ocrx_word' id='word_1_28' title='bbox 384 739 424 799; x_wconf 86' lang='lat' dir='ltr'>ad</span> <span class='ocrx_word' id='word_1_29' title='bbox 444 734 679 816; x_wconf 75' lang='lat' dir='ltr'>consequentia,</span> <span class='ocrx_word' id='word_1_30' title='bbox 708 734 825 798; x_wconf 80' lang='lat' dir='ltr'>odiosae</span> <span class='ocrx_word' id='word_1_31' title='bbox 845 736 930 797; x_wconf 89' lang='lat' dir='ltr'>enim</span> <span class='ocrx_word' id='word_1_32' title='bbox 944 735 1116 798; x_wconf 87' lang='lat' dir='ltr'>restrictio-</span> 
     </span>
    </p>

    <p class='ocr_par' dir='ltr' id='par_1_6' title="bbox 178 825 1116 1004">
     <span class='ocr_line' id='line_1_6' title="bbox 179 825 1116 913; baseline -0.009 -16"><span class='ocrx_word' id='word_1_33' title='bbox 179 853 235 898; x_wconf 88' lang='lat' dir='ltr'>nes</span> <span class='ocrx_word' id='word_1_34' title='bbox 251 833 292 894; x_wconf 89' lang='lat' dir='ltr'>ad</span> <span class='ocrx_word' id='word_1_35' title='bbox 302 831 468 913; x_wconf 79' lang='lat' dir='ltr'>sequentia</span> <span class='ocrx_word' id='word_1_36' title='bbox 479 849 513 892; x_wconf 85' lang='lat' dir='ltr'>se</span> <span class='ocrx_word' id='word_1_37' title='bbox 523 825 681 892; x_wconf 85' lang='lat' dir='ltr'>ordinarie</span> <span class='ocrx_word' id='word_1_38' title='bbox 693 847 756 890; x_wconf 93' lang='lat' dir='ltr'>non</span> <span class='ocrx_word' id='word_1_39' title='bbox 771 829 955 906; x_wconf 83' lang='lat' dir='ltr'>extendunt,</span> <span class='ocrx_word' id='word_1_40' title='bbox 972 829 1031 890; x_wconf 89' lang='lat' dir='ltr'>nisi</span> <span class='ocrx_word' id='word_1_41' title='bbox 1043 847 1116 891; x_wconf 87' lang='lat' dir='ltr'>oon-</span> 
     </span>
     <span class='ocr_line' id='line_1_7' title="bbox 178 921 990 1004; baseline -0.005 -16"><span class='ocrx_word' id='word_1_42' title='bbox 178 945 260 989; x_wconf 85' lang='lat' dir='ltr'>ncxa</span> <span class='ocrx_word' id='word_1_43' title='bbox 273 926 335 988; x_wconf 90' lang='lat' dir='ltr'>sint</span> <span class='ocrx_word' id='word_1_44' title='bbox 349 925 417 986; x_wconf 87' lang='lat' dir='ltr'>haeo</span> <span class='ocrx_word' id='word_1_45' title='bbox 432 923 656 1004; x_wconf 80' lang='lat' dir='ltr'>consequentia</span> <span class='ocrx_word' id='word_1_46' title='bbox 671 939 743 984; x_wconf 89' lang='lat' dir='ltr'>eum</span> <span class='ocrx_word' id='word_1_47' title='bbox 756 921 990 984; x_wconf 84' lang='lat' dir='ltr'>accedentibus.</span> 
     </span>
    </p>
   </div>
   <div class='ocr_carea' id='block_1_3' title="bbox 256 1085 1044 1193">
    <p class='ocr_par' dir='ltr' id='par_1_7' title="bbox 256 1085 1044 1193">
     <span class='ocr_line' id='line_1_8' title="bbox 256 1085 1044 1140; baseline -0.003 -12"><span class='ocrx_word' id='word_1_48' title='bbox 256 1085 316 1140; x_wconf 72' lang='lat' dir='ltr'>slv.</span> <span class='ocrx_word' id='word_1_49' title='bbox 330 1094 357 1128; x_wconf 73' lang='lat' dir='ltr'>ns</span> <span class='ocrx_word' id='word_1_50' title='bbox 371 1093 499 1136; x_wconf 76' lang='lat' dir='ltr'>supremos,</span> <span class='ocrx_word' id='word_1_51' title='bbox 514 1094 529 1127; x_wconf 76' lang='grc' dir='ltr'>ι</span> <span class='ocrx_word' id='word_1_52' title='bbox 543 1093 628 1135; x_wconf 72' lang='lat' dir='ltr'>uorsus</span> <span class='ocrx_word' id='word_1_53' title='bbox 642 1091 673 1124; x_wconf 72' lang='lat' dir='ltr'>nr</span> <span class='ocrx_word' id='word_1_54' title='bbox 688 1092 720 1125; x_wconf 78' lang='lat' dir='ltr'>au</span> <span class='ocrx_word' id='word_1_55' title='bbox 732 1091 792 1134; x_wconf 81' lang='lat' dir='ltr'>Quos</span> <span class='ocrx_word' id='word_1_56' title='bbox 805 1091 936 1126; x_wconf 72' lang='lat' dir='ltr'>censumar</span> <span class='ocrx_word' id='word_1_57' title='bbox 950 1093 1044 1134; x_wconf 74' lang='lat' dir='ltr'>norm,</span> 
     </span>
     <span class='ocr_line' id='line_1_9' title="bbox 539 1159 754 1193; baseline 0.005 -3"><span class='ocrx_word' id='word_1_58' title='bbox 539 1161 585 1193; x_wconf 80' lang='lat' dir='ltr'>vnn</span> <span class='ocrx_word' id='word_1_59' title='bbox 598 1159 648 1192; x_wconf 82' lang='lat' dir='ltr'>nou</span> <span class='ocrx_word' id='word_1_60' title='bbox 661 1159 754 1192; x_wconf 74' lang='lat' dir='ltr'>uorum</span> 
     </span>
    </p>
   </div>
   <div class='ocr_carea' id='block_1_4' title="bbox 158 1285 1161 3616">
    <p class='ocr_par' dir='ltr' id='par_1_8' title="bbox 178 1285 1117 2098">
     <span class='ocr_line' id='line_1_10' title="bbox 221 1285 1117 1370; baseline -0.002 -20"><span class='ocrx_word' id='word_1_61' title='bbox 221 1289 259 1352; x_wconf 86' lang='lat' dir='ltr'>X.</span> <span class='ocrx_word' id='word_1_62' title='bbox 275 1287 302 1350; x_wconf 82' lang='lat' dir='ltr'><strong><em>A</em></strong></span> <span class='ocrx_word' id='word_1_63' title='bbox 315 1287 419 1370; x_wconf 74' lang='lat' dir='ltr'>quibus</span> <span class='ocrx_word' id='word_1_64' title='bbox 424 1285 576 1369; x_wconf 81' lang='lat' dir='ltr'>judicibus</span> <span class='ocrx_word' id='word_1_65' title='bbox 586 1287 734 1370; x_wconf 78' lang='lat' dir='ltr'>appellari</span> <span class='ocrx_word' id='word_1_66' title='bbox 740 1295 849 1368; x_wconf 80' lang='lat' dir='ltr'>potest,</span> <span class='ocrx_word' id='word_1_67' title='bbox 861 1288 908 1350; x_wconf 86' lang='lat' dir='ltr'>cel</span> <span class='ocrx_word' id='word_1_68' title='bbox 917 1286 994 1348; x_wconf 80' lang='lat' dir='ltr'>uon?</span> <span class='ocrx_word' id='word_1_69' title='bbox 1003 1287 1117 1368; x_wconf 85' lang='lat' dir='ltr'>Appel-</span> 
     </span>
     <span class='ocr_line' id='line_1_11' title="bbox 179 1379 1117 1462; baseline -0.004 -18"><span class='ocrx_word' id='word_1_70' title='bbox 179 1381 238 1444; x_wconf 82' lang='lat' dir='ltr'>lari</span> <span class='ocrx_word' id='word_1_71' title='bbox 247 1379 797 1462; x_wconf 81' lang='lat' dir='ltr'>regulariterpotcstperseabomoi</span> <span class='ocrx_word' id='word_1_72' title='bbox 802 1379 921 1460; x_wconf 86' lang='lat' dir='ltr'>judice,</span> <span class='ocrx_word' id='word_1_73' title='bbox 931 1381 985 1462; x_wconf 89' lang='lat' dir='ltr'>qui</span> <span class='ocrx_word' id='word_1_74' title='bbox 993 1385 1117 1442; x_wconf 86' lang='lat' dir='ltr'>seuten-</span> 
     </span>
     <span class='ocr_line' id='line_1_12' title="bbox 178 1473 1115 1555; baseline -0.003 -16"><span class='ocrx_word' id='word_1_75' title='bbox 178 1474 344 1552; x_wconf 69' lang='lat' dir='ltr'>tantulis,</span> <span class='ocrx_word' id='word_1_76' title='bbox 354 1474 420 1536; x_wconf 87' lang='lat' dir='ltr'>sive</span> <span class='ocrx_word' id='word_1_77' title='bbox 428 1473 616 1552; x_wconf 85' lang='lat' dir='ltr'>ordinarius,</span> <span class='ocrx_word' id='word_1_78' title='bbox 627 1475 693 1536; x_wconf 84' lang='lat' dir='ltr'>sive</span> <span class='ocrx_word' id='word_1_79' title='bbox 705 1473 867 1555; x_wconf 79' lang='lat' dir='ltr'>delegatus</span> <span class='ocrx_word' id='word_1_80' title='bbox 877 1474 984 1552; x_wconf 84' lang='lat' dir='ltr'>fuerit,</span> <span class='ocrx_word' id='word_1_81' title='bbox 993 1474 1115 1536; x_wconf 86' lang='lat' dir='ltr'>etiamsi</span> 
     </span>
     <span class='ocr_line' id='line_1_13' title="bbox 178 1567 1115 1649; baseline 0.001 -17"><span class='ocrx_word' id='word_1_82' title='bbox 178 1568 337 1632; x_wconf 79' lang='lat' dir='ltr'>communi</span> <span class='ocrx_word' id='word_1_83' title='bbox 368 1585 522 1630; x_wconf 81' lang='lat' dir='ltr'>consensu</span> <span class='ocrx_word' id='word_1_84' title='bbox 550 1567 687 1646; x_wconf 82' lang='lat' dir='ltr'>partium</span> <span class='ocrx_word' id='word_1_85' title='bbox 705 1567 804 1649; x_wconf 80' lang='lat' dir='ltr'>judex</span> <span class='ocrx_word' id='word_1_86' title='bbox 826 1567 898 1630; x_wconf 85' lang='lat' dir='ltr'>tulis</span> <span class='ocrx_word' id='word_1_87' title='bbox 927 1567 1115 1648; x_wconf 80' lang='lat' dir='ltr'>impetratus</span> 
     </span>
     <span class='ocr_line' id='line_1_14' title="bbox 178 1660 1117 1743; baseline -0.002 -18"><span class='ocrx_word' id='word_1_88' title='bbox 178 1662 283 1740; x_wconf 83' lang='lat' dir='ltr'>fuerit,</span> <span class='ocrx_word' id='word_1_89' title='bbox 300 1665 355 1724; x_wconf 89' lang='lat' dir='ltr'>aut</span> <span class='ocrx_word' id='word_1_90' title='bbox 368 1661 609 1742; x_wconf 85' lang='lat' dir='ltr'>prorogaverint</span> <span class='ocrx_word' id='word_1_91' title='bbox 623 1661 655 1723; x_wconf 91' lang='lat' dir='ltr'>in</span> <span class='ocrx_word' id='word_1_92' title='bbox 665 1681 698 1723; x_wconf 86' lang='lat' dir='ltr'>se</span> <span class='ocrx_word' id='word_1_93' title='bbox 708 1661 824 1743; x_wconf 84' lang='lat' dir='ltr'>judicis</span> <span class='ocrx_word' id='word_1_94' title='bbox 837 1661 916 1724; x_wconf 83' lang='lat' dir='ltr'>alias</span> <span class='ocrx_word' id='word_1_95' title='bbox 931 1679 995 1724; x_wconf 83' lang='lat' dir='ltr'>non</span> <span class='ocrx_word' id='word_1_96' title='bbox 1008 1661 1056 1723; x_wconf 88' lang='lat' dir='ltr'>sui</span> <span class='ocrx_word' id='word_1_97' title='bbox 1064 1660 1117 1743; x_wconf 81' lang='lat' dir='ltr'>ju-</span> 
     </span>
     <span class='ocr_line' id='line_1_15' title="bbox 180 1754 1116 1836; baseline 0 -19"><span class='ocrx_word' id='word_1_98' title='bbox 180 1755 406 1832; x_wconf 83' lang='lat' dir='ltr'>risdictionem,</span> <span class='ocrx_word' id='word_1_99' title='bbox 423 1773 496 1816; x_wconf 88' lang='lat' dir='ltr'>oum</span> <span class='ocrx_word' id='word_1_100' title='bbox 509 1754 543 1816; x_wconf 91' lang='lat' dir='ltr'>in</span> <span class='ocrx_word' id='word_1_101' title='bbox 556 1755 693 1820; x_wconf 84' lang='lat' dir='ltr'>talicasu</span> <span class='ocrx_word' id='word_1_102' title='bbox 705 1755 846 1836; x_wconf 82' lang='lat' dir='ltr'>judicem</span> <span class='ocrx_word' id='word_1_103' title='bbox 857 1755 985 1836; x_wconf 87' lang='lat' dir='ltr'>quidem</span> <span class='ocrx_word' id='word_1_104' title='bbox 1000 1773 1116 1834; x_wconf 75' lang='lat' dir='ltr'>appro-</span> 
     </span>
     <span class='ocr_line' id='line_1_16' title="bbox 178 1847 1117 1927; baseline -0.001 -16"><span class='ocrx_word' id='word_1_105' title='bbox 178 1849 269 1911; x_wconf 83' lang='lat' dir='ltr'>basse</span> <span class='ocrx_word' id='word_1_106' title='bbox 294 1847 465 1910; x_wconf 86' lang='lat' dir='ltr'>eensendae·</span> <span class='ocrx_word' id='word_1_107' title='bbox 483 1847 555 1926; x_wconf 86' lang='lat' dir='ltr'>sint,</span> <span class='ocrx_word' id='word_1_108' title='bbox 572 1866 636 1910; x_wconf 86' lang='lat' dir='ltr'>nen</span> <span class='ocrx_word' id='word_1_109' title='bbox 655 1853 761 1910; x_wconf 87' lang='lat' dir='ltr'>tamen</span> <span class='ocrx_word' id='word_1_110' title='bbox 785 1849 983 1927; x_wconf 86' lang='lat' dir='ltr'>sententiam,</span> <span class='ocrx_word' id='word_1_111' title='bbox 1006 1852 1117 1910; x_wconf 86' lang='lat' dir='ltr'>contro</span> 
     </span>
     <span class='ocr_line' id='line_1_17' title="bbox 183 1941 1114 2024; baseline -0.002 -20"><span class='ocrx_word' id='word_1_112' title='bbox 183 1958 280 2024; x_wconf 89' lang='lat' dir='ltr'>quam</span> <span class='ocrx_word' id='word_1_113' title='bbox 284 1941 405 2023; x_wconf 89' lang='lat' dir='ltr'>justum</span> <span class='ocrx_word' id='word_1_114' title='bbox 418 1941 607 2005; x_wconf 84' lang='lat' dir='ltr'>defensionis</span> <span class='ocrx_word' id='word_1_115' title='bbox 618 1942 793 2003; x_wconf 87' lang='lat' dir='ltr'>remedium</span> <span class='ocrx_word' id='word_1_116' title='bbox 805 1941 864 2008; x_wconf 88' lang='lat' dir='ltr'>sibi</span> <span class='ocrx_word' id='word_1_117' title='bbox 876 1941 996 2005; x_wconf 83' lang='lat' dir='ltr'>licitum</span> <span class='ocrx_word' id='word_1_118' title='bbox 1008 1943 1114 2004; x_wconf 85' lang='lat' dir='ltr'>volue-</span> 
     </span>
     <span class='ocr_line' id='line_1_18' title="bbox 181 2039 264 2098; baseline -0.012 0"><span class='ocrx_word' id='word_1_119' title='bbox 181 2039 264 2098; x_wconf 85' lang='lat' dir='ltr'>ruat.</span> 
     </span>
    </p>

    <p class='ocr_par' dir='ltr' id='par_1_9' title="bbox 177 2127 1116 2488">
     <span class='ocr_line' id='line_1_19' title="bbox 196 2127 1116 2209; baseline 0.011 -23"><span class='ocrx_word' id='word_1_120' title='bbox 196 2180 199 2186; x_wconf 82' lang='grc'><em>.</em></span> <span class='ocrx_word' id='word_1_121' title='bbox 218 2127 352 2208; x_wconf 80' lang='lat' dir='ltr'>Intelligi</span> <span class='ocrx_word' id='word_1_122' title='bbox 374 2132 481 2192; x_wconf 76' lang='lat' dir='ltr'>tummr</span> <span class='ocrx_word' id='word_1_123' title='bbox 507 2128 566 2190; x_wconf 93' lang='lat' dir='ltr'>hoc</span> <span class='ocrx_word' id='word_1_124' title='bbox 581 2129 685 2205; x_wconf 85' lang='lat' dir='ltr'>debet,</span> <span class='ocrx_word' id='word_1_125' title='bbox 700 2203 701 2206; x_wconf 8' lang='grc' dir='ltr'><strong>Ἴ</strong></span> <span class='ocrx_word' id='word_1_126' title='bbox 714 2129 798 2208; x_wconf 89' lang='lat' dir='ltr'>quod</span> <span class='ocrx_word' id='word_1_127' title='bbox 818 2129 857 2190; x_wconf 90' lang='lat' dir='ltr'>de</span> <span class='ocrx_word' id='word_1_128' title='bbox 873 2128 1116 2209; x_wconf 65' lang='lat' dir='ltr'>appellationes</span> 
     </span>
     <span class='ocr_line' id='line_1_20' title="bbox 180 2221 1115 2304; baseline -0.001 -20"><span class='ocrx_word' id='word_1_129' title='bbox 180 2221 291 2304; x_wconf 86' lang='lat' dir='ltr'>quovis</span> <span class='ocrx_word' id='word_1_130' title='bbox 300 2221 407 2302; x_wconf 88' lang='lat' dir='ltr'>judice</span> <span class='ocrx_word' id='word_1_131' title='bbox 422 2237 480 2301; x_wconf 89' lang='lat' dir='ltr'>per</span> <span class='ocrx_word' id='word_1_132' title='bbox 491 2239 525 2283; x_wconf 87' lang='lat' dir='ltr'>se</span> <span class='ocrx_word' id='word_1_133' title='bbox 544 2221 629 2283; x_wconf 87' lang='lat' dir='ltr'>licita</span> <span class='ocrx_word' id='word_1_134' title='bbox 642 2221 771 2299; x_wconf 87' lang='lat' dir='ltr'>dictum,</span> <span class='ocrx_word' id='word_1_135' title='bbox 787 2223 871 2302; x_wconf 90' lang='lat' dir='ltr'>quod</span> <span class='ocrx_word' id='word_1_136' title='bbox 889 2222 1039 2302; x_wconf 81' lang='lat' dir='ltr'>appellari</span> <span class='ocrx_word' id='word_1_137' title='bbox 1054 2223 1115 2283; x_wconf 88' lang='lat' dir='ltr'>sci-</span> 
     </span>
     <span class='ocr_line' id='line_1_21' title="bbox 177 2314 1113 2396; baseline -0.004 -18"><span class='ocrx_word' id='word_1_138' title='bbox 177 2315 252 2378; x_wconf 80' lang='lat' dir='ltr'>licet</span> <span class='ocrx_word' id='word_1_139' title='bbox 274 2333 295 2376; x_wconf 85' lang='lat' dir='ltr'>a</span> <span class='ocrx_word' id='word_1_140' title='bbox 309 2315 449 2396; x_wconf 89' lang='lat' dir='ltr'>quolibet</span> <span class='ocrx_word' id='word_1_141' title='bbox 469 2315 577 2395; x_wconf 84' lang='lat' dir='ltr'>possit,</span> <span class='ocrx_word' id='word_1_142' title='bbox 599 2314 658 2375; x_wconf 88' lang='lat' dir='ltr'>nisi</span> <span class='ocrx_word' id='word_1_143' title='bbox 673 2315 794 2376; x_wconf 78' lang='lat' dir='ltr'>nullutn</span> <span class='ocrx_word' id='word_1_144' title='bbox 809 2315 861 2376; x_wconf 89' lang='lat' dir='ltr'>ille</span> <span class='ocrx_word' id='word_1_145' title='bbox 874 2314 1069 2395; x_wconf 85' lang='lat' dir='ltr'>superiorem</span> <span class='ocrx_word' id='word_1_146' title='bbox 1081 2315 1113 2374; x_wconf 92' lang='lat' dir='ltr'>in</span> 
     </span>
     <span class='ocr_line' id='line_1_22' title="bbox 179 2406 1115 2488; baseline -0.003 -17"><span class='ocrx_word' id='word_1_147' title='bbox 179 2407 288 2471; x_wconf 87' lang='lat' dir='ltr'>urdine</span> <span class='ocrx_word' id='word_1_148' title='bbox 314 2409 356 2469; x_wconf 89' lang='lat' dir='ltr'>ad</span> <span class='ocrx_word' id='word_1_149' title='bbox 379 2407 437 2470; x_wconf 90' lang='lat' dir='ltr'>sibi</span> <span class='ocrx_word' id='word_1_150' title='bbox 460 2410 691 2488; x_wconf 88' lang='lat' dir='ltr'>competentem</span> <span class='ocrx_word' id='word_1_151' title='bbox 713 2407 965 2488; x_wconf 85' lang='lat' dir='ltr'>jurisdictionem</span> <span class='ocrx_word' id='word_1_152' title='bbox 998 2406 1115 2469; x_wconf 82' lang='lat' dir='ltr'>habeat</span> 
     </span>
    </p>

    <p class='ocr_par' dir='ltr' id='par_1_10' title="bbox 158 2499 1113 3142">
     <span class='ocr_line' id='line_1_23' title="bbox 158 2499 1113 2582; baseline 0 -20"><span class='ocrx_word' id='word_1_153' title='bbox 158 2569 161 2573; x_wconf 58' lang='grc'>,</span> <span class='ocrx_word' id='word_1_154' title='bbox 179 2501 231 2582; x_wconf 87' lang='lat' dir='ltr'>(de</span> <span class='ocrx_word' id='word_1_155' title='bbox 245 2501 380 2567; x_wconf 85' lang='lat' dir='ltr'>essentia</span> <span class='ocrx_word' id='word_1_156' title='bbox 396 2501 481 2562; x_wconf 91' lang='lat' dir='ltr'>euim</span> <span class='ocrx_word' id='word_1_157' title='bbox 492 2499 710 2580; x_wconf 83' lang='lat' dir='ltr'>appellationis</span> <span class='ocrx_word' id='word_1_158' title='bbox 721 2505 779 2578; x_wconf 85' lang='lat' dir='ltr'>est,</span> <span class='ocrx_word' id='word_1_159' title='bbox 795 2505 831 2563; x_wconf 88' lang='lat' dir='ltr'>ut</span> <span class='ocrx_word' id='word_1_160' title='bbox 845 2501 900 2564; x_wconf 86' lang='lat' dir='ltr'>liat</span> <span class='ocrx_word' id='word_1_161' title='bbox 918 2500 959 2564; x_wconf 82' lang='lat' dir='ltr'>ad</span> <span class='ocrx_word' id='word_1_162' title='bbox 973 2500 1113 2582; x_wconf 83' lang='lat' dir='ltr'>superio·</span> 
     </span>
     <span class='ocr_line' id='line_1_24' title="bbox 179 2593 1113 2674; baseline 0.001 -18"><span class='ocrx_word' id='word_1_163' title='bbox 179 2613 247 2657; x_wconf 86' lang='lat' dir='ltr'>rem</span> <span class='ocrx_word' id='word_1_164' title='bbox 263 2616 270 2657; x_wconf 93' lang='lat'>:</span> <span class='ocrx_word' id='word_1_165' title='bbox 286 2613 361 2674; x_wconf 83' lang='lat' dir='ltr'>ergo</span> <span class='ocrx_word' id='word_1_166' title='bbox 383 2593 437 2656; x_wconf 92' lang='lat' dir='ltr'>ubi</span> <span class='ocrx_word' id='word_1_167' title='bbox 452 2613 515 2656; x_wconf 93' lang='lat' dir='ltr'>uon</span> <span class='ocrx_word' id='word_1_168' title='bbox 535 2597 582 2656; x_wconf 90' lang='lat' dir='ltr'>est</span> <span class='ocrx_word' id='word_1_169' title='bbox 597 2596 750 2674; x_wconf 82' lang='lat' dir='ltr'>superior,</span> <span class='ocrx_word' id='word_1_170' title='bbox 777 2596 881 2658; x_wconf 88' lang='lat' dir='ltr'>locum</span> <span class='ocrx_word' id='word_1_171' title='bbox 906 2596 1023 2660; x_wconf 83' lang='lat' dir='ltr'>habere</span> <span class='ocrx_word' id='word_1_172' title='bbox 1050 2613 1113 2657; x_wconf 89' lang='lat' dir='ltr'>non</span> 
     </span>
     <span class='ocr_line' id='line_1_25' title="bbox 177 2686 1113 2768; baseline 0.001 -18"><span class='ocrx_word' id='word_1_173' title='bbox 177 2691 282 2768; x_wconf 84' lang='lat' dir='ltr'>potest</span> <span class='ocrx_word' id='word_1_174' title='bbox 303 2687 495 2768; x_wconf 84' lang='lat' dir='ltr'>appellatio),</span> <span class='ocrx_word' id='word_1_175' title='bbox 511 2686 571 2750; x_wconf 49' lang='lat' dir='ltr'>vel*</span> <span class='ocrx_word' id='word_1_176' title='bbox 583 2687 642 2749; x_wconf 85' lang='lat' dir='ltr'>nisi</span> <span class='ocrx_word' id='word_1_177' title='bbox 654 2686 752 2768; x_wconf 86' lang='lat' dir='ltr'>judex</span> <span class='ocrx_word' id='word_1_178' title='bbox 771 2707 834 2752; x_wconf 92' lang='lat' dir='ltr'>non</span> <span class='ocrx_word' id='word_1_179' title='bbox 855 2689 906 2767; x_wconf 84' lang='lat' dir='ltr'>sit,</span> <span class='ocrx_word' id='word_1_180' title='bbox 929 2690 986 2750; x_wconf 91' lang='lat' dir='ltr'>sed</span> <span class='ocrx_word' id='word_1_181' title='bbox 1008 2707 1113 2752; x_wconf 87' lang='lat' dir='ltr'>merus</span> 
     </span>
     <span class='ocr_line' id='line_1_26' title="bbox 162 2782 1113 2862; baseline 0.002 -20"><span class='ocrx_word' id='word_1_182' title='bbox 162 2786 328 2844; x_wconf 78' lang='lat' dir='ltr'>,executor</span> <span class='ocrx_word' id='word_1_183' title='bbox 348 2787 482 2859; x_wconf 82' lang='lat' dir='ltr'>tanturn,</span> <span class='ocrx_word' id='word_1_184' title='bbox 509 2787 544 2842; x_wconf 92' lang='lat' dir='ltr'>ut</span> <span class='ocrx_word' id='word_1_185' title='bbox 572 2782 689 2844; x_wconf 82' lang='lat' dir='ltr'>arbiter</span> <span class='ocrx_word' id='word_1_186' title='bbox 711 2783 1014 2862; x_wconf 83' lang='lat' dir='ltr'>compromissarius,</span> <span class='ocrx_word' id='word_1_187' title='bbox 1040 2801 1113 2844; x_wconf 87' lang='lat' dir='ltr'>cum</span> 
     </span>
     <span class='ocr_line' id='line_1_27' title="bbox 177 2874 1112 2955; baseline 0 -19"><span class='ocrx_word' id='word_1_188' title='bbox 177 2878 322 2954; x_wconf 85' lang='lat' dir='ltr'>respectu</span> <span class='ocrx_word' id='word_1_189' title='bbox 355 2874 469 2937; x_wconf 86' lang='lat' dir='ltr'>horum</span> <span class='ocrx_word' id='word_1_190' title='bbox 494 2874 614 2935; x_wconf 91' lang='lat' dir='ltr'>nullam</span> <span class='ocrx_word' id='word_1_191' title='bbox 637 2874 891 2955; x_wconf 83' lang='lat' dir='ltr'>jurisdictionem</span> <span class='ocrx_word' id='word_1_192' title='bbox 927 2875 1112 2938; x_wconf 88' lang='lat' dir='ltr'>habentium</span> 
     </span>
     <span class='ocr_line' id='line_1_28' title="bbox 177 2967 1112 3050; baseline -0.001 -21"><span class='ocrx_word' id='word_1_193' title='bbox 177 2967 263 3030; x_wconf 86' lang='lat' dir='ltr'>nulla</span> <span class='ocrx_word' id='word_1_194' title='bbox 278 2967 375 3047; x_wconf 84' lang='lat' dir='ltr'>possit</span> <span class='ocrx_word' id='word_1_195' title='bbox 389 2967 457 3029; x_wconf 85' lang='lat' dir='ltr'>lieri</span> <span class='ocrx_word' id='word_1_196' title='bbox 466 2967 693 3050; x_wconf 80' lang='lat' dir='ltr'>jurisdictionis</span> <span class='ocrx_word' id='word_1_197' title='bbox 705 2967 879 3048; x_wconf 87' lang='lat' dir='ltr'>suspensio,</span> <span class='ocrx_word' id='word_1_198' title='bbox 897 2969 990 3030; x_wconf 87' lang='lat' dir='ltr'>sicuti</span> <span class='ocrx_word' id='word_1_199' title='bbox 1003 2971 1112 3032; x_wconf 84' lang='lat' dir='ltr'>tamen</span> 
     </span>
     <span class='ocr_line' id='line_1_29' title="bbox 177 3059 945 3142; baseline 0.004 -21"><span class='ocrx_word' id='word_1_200' title='bbox 177 3061 244 3123; x_wconf 86' lang='lat' dir='ltr'>fleri</span> <span class='ocrx_word' id='word_1_201' title='bbox 258 3062 337 3124; x_wconf 85' lang='lat' dir='ltr'>solet</span> <span class='ocrx_word' id='word_1_202' title='bbox 353 3070 412 3141; x_wconf 71' lang='lat' dir='ltr'>per·</span> <span class='ocrx_word' id='word_1_203' title='bbox 419 3059 663 3142; x_wconf 85' lang='lat' dir='ltr'>appellationem</span> <span class='ocrx_word' id='word_1_204' title='bbox 676 3061 802 3140; x_wconf 85' lang='lat' dir='ltr'>proprie</span> <span class='ocrx_word' id='word_1_205' title='bbox 817 3061 945 3126; x_wconf 88' lang='lat' dir='ltr'>dictam.</span> 
     </span>
    </p>

    <p class='ocr_par' dir='ltr' id='par_1_11' title="bbox 176 3153 1161 3616">
     <span class='ocr_line' id='line_1_30' title="bbox 217 3153 1113 3238; baseline 0 -20"><span class='ocrx_word' id='word_1_206' title='bbox 217 3157 269 3218; x_wconf 88' lang='lat' dir='ltr'>XI.</span> <span class='ocrx_word' id='word_1_207' title='bbox 290 3153 398 3218; x_wconf 84' lang='lat' dir='ltr'>Corum</span> <span class='ocrx_word' id='word_1_208' title='bbox 411 3175 468 3237; x_wconf 85' lang='lat' dir='ltr'>quo</span> <span class='ocrx_word' id='word_1_209' title='bbox 477 3153 581 3238; x_wconf 83' lang='lat' dir='ltr'>judice</span> <span class='ocrx_word' id='word_1_210' title='bbox 591 3154 631 3215; x_wconf 82' lang='lat' dir='ltr'>sit</span> <span class='ocrx_word' id='word_1_211' title='bbox 640 3154 861 3238; x_wconf 75' lang='lat' dir='ltr'>appellandum·</span> <span class='ocrx_word' id='word_1_212' title='bbox 870 3155 1060 3235; x_wconf 87' lang='lat' dir='ltr'>Appellatio,</span> <span class='ocrx_word' id='word_1_213' title='bbox 1077 3159 1113 3218; x_wconf 81' lang='lat' dir='ltr'>ut</span> 
     </span>
     <span class='ocr_line' id='line_1_31' title="bbox 177 3247 1113 3330; baseline -0.001 -18"><span class='ocrx_word' id='word_1_214' title='bbox 177 3248 282 3312; x_wconf 83' lang='lat' dir='ltr'>valida</span> <span class='ocrx_word' id='word_1_215' title='bbox 296 3247 346 3326; x_wconf 87' lang='lat' dir='ltr'>sil,</span> <span class='ocrx_word' id='word_1_216' title='bbox 364 3253 395 3310; x_wconf 92' lang='lat' dir='ltr'>et</span> <span class='ocrx_word' id='word_1_217' title='bbox 410 3249 556 3310; x_wconf 83' lang='lat' dir='ltr'>effectum</span> <span class='ocrx_word' id='word_1_218' title='bbox 570 3251 637 3310; x_wconf 84' lang='lat' dir='ltr'>tam</span> <span class='ocrx_word' id='word_1_219' title='bbox 657 3247 888 3327; x_wconf 87' lang='lat' dir='ltr'>suspensivum,</span> <span class='ocrx_word' id='word_1_220' title='bbox 904 3265 1001 3330; x_wconf 89' lang='lat' dir='ltr'>quam</span> <span class='ocrx_word' id='word_1_221' title='bbox 1016 3247 1113 3312; x_wconf 76' lang='lat' dir='ltr'>deso-</span> 
     </span>
     <span class='ocr_line' id='line_1_32' title="bbox 176 3339 1112 3425; baseline 0.002 -21"><span class='ocrx_word' id='word_1_222' title='bbox 176 3341 310 3406; x_wconf 81' lang='lat' dir='ltr'>lutivum</span> <span class='ocrx_word' id='word_1_223' title='bbox 337 3341 463 3420; x_wconf 83' lang='lat' dir='ltr'>habeat,</span> <span class='ocrx_word' id='word_1_224' title='bbox 481 3341 638 3404; x_wconf 89' lang='lat' dir='ltr'>ordinarie</span> <span class='ocrx_word' id='word_1_225' title='bbox 653 3339 809 3422; x_wconf 87' lang='lat' dir='ltr'>interponi</span> <span class='ocrx_word' id='word_1_226' title='bbox 830 3340 927 3404; x_wconf 85' lang='lat' dir='ltr'>debet</span> <span class='ocrx_word' id='word_1_227' title='bbox 941 3359 1048 3406; x_wconf 87' lang='lat' dir='ltr'>coram</span> <span class='ocrx_word' id='word_1_228' title='bbox 1059 3343 1112 3425; x_wconf 87' lang='lat' dir='ltr'>ju-</span> 
     </span>
     <span class='ocr_line' id='line_1_33' title="bbox 178 3434 1161 3516; baseline 0.001 -18"><span class='ocrx_word' id='word_1_229' title='bbox 178 3436 259 3514; x_wconf 86' lang='lat' dir='ltr'>dice,</span> <span class='ocrx_word' id='word_1_230' title='bbox 277 3435 330 3516; x_wconf 94' lang='lat' dir='ltr'>qui</span> <span class='ocrx_word' id='word_1_231' title='bbox 341 3434 530 3498; x_wconf 84' lang='lat' dir='ltr'>sententium</span> <span class='ocrx_word' id='word_1_232' title='bbox 543 3435 625 3513; x_wconf 83' lang='lat' dir='ltr'>tulit,</span> <span class='ocrx_word' id='word_1_233' title='bbox 641 3438 705 3497; x_wconf 87' lang='lat' dir='ltr'>eta</span> <span class='ocrx_word' id='word_1_234' title='bbox 725 3453 787 3516; x_wconf 93' lang='lat' dir='ltr'>quo</span> <span class='ocrx_word' id='word_1_235' title='bbox 801 3436 989 3516; x_wconf 84' lang='lat' dir='ltr'>appellatur.</span> <span class='ocrx_word' id='word_1_236' title='bbox 1004 3438 1051 3499; x_wconf 92' lang='lat' dir='ltr'>lta</span> <span class='ocrx_word' id='word_1_237' title='bbox 1062 3441 1108 3515; x_wconf 89' lang='lat' dir='ltr'>ut,</span> <span class='ocrx_word' id='word_1_238' title='bbox 1159 3443 1161 3447; x_wconf 86' lang='grc'><strong>’</strong></span> 
     </span>
     <span class='ocr_line' id='line_1_34' title="bbox 178 3528 1112 3616; baseline 0.004 -24"><span class='ocrx_word' id='word_1_239' title='bbox 178 3529 203 3606; x_wconf 77' lang='lat' dir='ltr'>oi</span> <span class='ocrx_word' id='word_1_240' title='bbox 218 3529 325 3614; x_wconf 84' lang='lat' dir='ltr'>plures</span> <span class='ocrx_word' id='word_1_241' title='bbox 335 3528 460 3614; x_wconf 84' lang='lat' dir='ltr'>judiees</span> <span class='ocrx_word' id='word_1_242' title='bbox 473 3528 567 3592; x_wconf 85' lang='lat' dir='ltr'>simul</span> <span class='ocrx_word' id='word_1_243' title='bbox 579 3529 769 3594; x_wconf 82' lang='lat' dir='ltr'>sententiam</span> <span class='ocrx_word' id='word_1_244' title='bbox 782 3529 991 3616; x_wconf 80' lang='lat' dir='ltr'>protulerunt,</span> <span class='ocrx_word' id='word_1_245' title='bbox 1004 3548 1112 3596; x_wconf 85' lang='lat' dir='ltr'>eorum</span> 
     </span>
    </p>
   </div>
   <div class='ocr_carea' id='block_1_5' title="bbox 0 0 1298 4020">
    <p class='ocr_par' dir='ltr' id='par_1_12' title="bbox 0 0 1298 4020">
     <span class='ocr_line' id='line_1_35' title="bbox 0 0 1298 4020; baseline 0 0"><span class='ocrx_word' id='word_1_246' title='bbox 0 0 1298 4020; x_wconf 95' lang='lat' dir='ltr'> </span> 
     </span>
    </p>
   </div>
  </div>
 </body>
</html>
