<?xml version="1.0" encoding="UTF-8"?>
<!DOCTYPE html PUBLIC "-//W3C//DTD XHTML 1.0 Transitional//EN"
    "http://www.w3.org/TR/xhtml1/DTD/xhtml1-transitional.dtd">
<html xmlns="http://www.w3.org/1999/xhtml" xml:lang="en" lang="en">
 <head>
  <title>
</title>
<meta http-equiv="Content-Type" content="text/html;charset=utf-8" />
  <meta name='ocr-system' content='tesseract 3.04.00' />
  <meta name='ocr-capabilities' content='ocr_page ocr_carea ocr_par ocr_line ocrx_word'/>
</head>
<body>
  <div class='ocr_page' id='page_1' title='image "./institutionesju01marigoog_0060.png"; bbox 0 0 2584 4022; ppageno 0'>
   <div class='ocr_carea' id='block_1_1' title="bbox 559 277 1129 371">
    <p class='ocr_par' dir='ltr' id='par_1_1' title="bbox 559 277 1129 371">
     <span class='ocr_line' id='line_1_1' title="bbox 559 277 1129 371; baseline 0.005 -34"><span class='ocrx_word' id='word_1_1' title='bbox 559 292 597 338; x_wconf 85' lang='lat' dir='ltr'>ou</span> <span class='ocrx_word' id='word_1_2' title='bbox 618 292 756 371; x_wconf 72' lang='lat' dir='ltr'>runicus</span> <span class='ocrx_word' id='word_1_3' title='bbox 1085 277 1129 367; x_wconf 52' lang='lat'>5³,</span> 
     </span>
    </p>
   </div>
   <div class='ocr_carea' id='block_1_2' title="bbox 120 433 1126 3488">
    <p class='ocr_par' dir='ltr' id='par_1_2' title="bbox 163 433 1126 1351">
     <span class='ocr_line' id='line_1_2' title="bbox 193 433 1124 516; baseline 0 -18"><span class='ocrx_word' id='word_1_4' title='bbox 193 435 307 498; x_wconf 85' lang='lat' dir='ltr'>malari</span> <span class='ocrx_word' id='word_1_5' title='bbox 320 433 392 496; x_wconf 90' lang='lat' dir='ltr'>oum</span> <span class='ocrx_word' id='word_1_6' title='bbox 407 435 552 515; x_wconf 88' lang='lat' dir='ltr'>petitorio</span> <span class='ocrx_word' id='word_1_7' title='bbox 570 434 726 499; x_wconf 89' lang='lat' dir='ltr'>ordinarie</span> <span class='ocrx_word' id='word_1_8' title='bbox 742 452 804 498; x_wconf 91' lang='lat' dir='ltr'>non</span> <span class='ocrx_word' id='word_1_9' title='bbox 819 434 945 516; x_wconf 87' lang='lat' dir='ltr'>potest),</span> <span class='ocrx_word' id='word_1_10' title='bbox 961 434 1005 498; x_wconf 78' lang='lat' dir='ltr'>in</span> <span class='ocrx_word' id='word_1_11' title='bbox 1017 437 1124 498; x_wconf 74' lang='lat' dir='ltr'>tanim</span> 
     </span>
     <span class='ocr_line' id='line_1_3' title="bbox 192 528 1121 609; baseline 0.001 -19"><span class='ocrx_word' id='word_1_12' title='bbox 192 536 228 591; x_wconf 92' lang='lat' dir='ltr'>ut</span> <span class='ocrx_word' id='word_1_13' title='bbox 237 528 336 609; x_wconf 85' lang='lat' dir='ltr'>judex</span> <span class='ocrx_word' id='word_1_14' title='bbox 354 529 488 608; x_wconf 75' lang='lat' dir='ltr'>receptis</span> <span class='ocrx_word' id='word_1_15' title='bbox 504 529 741 608; x_wconf 78' lang='lat' dir='ltr'>probationibus</span> <span class='ocrx_word' id='word_1_16' title='bbox 754 546 849 608; x_wconf 89' lang='lat' dir='ltr'>super</span> <span class='ocrx_word' id='word_1_17' title='bbox 862 531 995 608; x_wconf 87' lang='lat' dir='ltr'>utraque</span> <span class='ocrx_word' id='word_1_18' title='bbox 1014 545 1121 608; x_wconf 87' lang='lat' dir='ltr'>causa,</span> 
     </span>
     <span class='ocr_line' id='line_1_4' title="bbox 192 621 1124 702; baseline 0.003 -21"><span class='ocrx_word' id='word_1_19' title='bbox 192 621 279 700; x_wconf 91' lang='lat' dir='ltr'>prius</span> <span class='ocrx_word' id='word_1_20' title='bbox 299 621 477 682; x_wconf 86' lang='lat' dir='ltr'>examinare</span> <span class='ocrx_word' id='word_1_21' title='bbox 493 622 591 701; x_wconf 79' lang='lat' dir='ltr'>possit</span> <span class='ocrx_word' id='word_1_22' title='bbox 610 621 811 701; x_wconf 82' lang='lat' dir='ltr'>probationes</span> <span class='ocrx_word' id='word_1_23' title='bbox 826 639 921 701; x_wconf 90' lang='lat' dir='ltr'>super</span> <span class='ocrx_word' id='word_1_24' title='bbox 938 639 1033 682; x_wconf 89' lang='lat' dir='ltr'>causa</span> <span class='ocrx_word' id='word_1_25' title='bbox 1052 641 1124 702; x_wconf 86' lang='lat' dir='ltr'>pos-</span> 
     </span>
     <span class='ocr_line' id='line_1_5' title="bbox 193 713 1126 796; baseline 0.001 -21"><span class='ocrx_word' id='word_1_26' title='bbox 193 713 358 790; x_wconf 85' lang='lat' dir='ltr'>sessionis,</span> <span class='ocrx_word' id='word_1_27' title='bbox 387 713 535 796; x_wconf 88' lang='lat' dir='ltr'>illamque</span> <span class='ocrx_word' id='word_1_28' title='bbox 560 715 749 790; x_wconf 84' lang='lat' dir='ltr'>terminare,</span> <span class='ocrx_word' id='word_1_29' title='bbox 776 713 835 774; x_wconf 91' lang='lat' dir='ltr'>nisi</span> <span class='ocrx_word' id='word_1_30' title='bbox 860 713 900 774; x_wconf 89' lang='lat' dir='ltr'>de</span> <span class='ocrx_word' id='word_1_31' title='bbox 928 716 1061 796; x_wconf 84' lang='lat' dir='ltr'>utroque</span> <span class='ocrx_word' id='word_1_32' title='bbox 1087 714 1126 776; x_wconf 93' lang='lat' dir='ltr'>li-</span> 
     </span>
     <span class='ocr_line' id='line_1_6' title="bbox 193 805 1123 887; baseline 0.002 -21"><span class='ocrx_word' id='word_1_33' title='bbox 193 808 305 887; x_wconf 84' lang='lat' dir='ltr'>queat,</span> <span class='ocrx_word' id='word_1_34' title='bbox 326 805 357 866; x_wconf 90' lang='lat' dir='ltr'>in</span> <span class='ocrx_word' id='word_1_35' title='bbox 380 807 435 868; x_wconf 90' lang='lat' dir='ltr'>tali</span> <span class='ocrx_word' id='word_1_36' title='bbox 451 807 535 868; x_wconf 89' lang='lat' dir='ltr'>anim</span> <span class='ocrx_word' id='word_1_37' title='bbox 550 825 642 886; x_wconf 91' lang='lat' dir='ltr'>casu,</span> <span class='ocrx_word' id='word_1_38' title='bbox 663 811 795 887; x_wconf 88' lang='lat' dir='ltr'>utraque</span> <span class='ocrx_word' id='word_1_39' title='bbox 814 825 909 868; x_wconf 88' lang='lat' dir='ltr'>causa</span> <span class='ocrx_word' id='word_1_40' title='bbox 924 806 1017 869; x_wconf 88' lang='lat' dir='ltr'>dehet</span> <span class='ocrx_word' id='word_1_41' title='bbox 1032 805 1123 868; x_wconf 90' lang='lat' dir='ltr'>simul</span> 
     </span>
     <span class='ocr_line' id='line_1_7' title="bbox 193 899 1123 979; baseline 0 -19"><span class='ocrx_word' id='word_1_42' title='bbox 193 917 256 960; x_wconf 86' lang='lat' dir='ltr'>une</span> <span class='ocrx_word' id='word_1_43' title='bbox 269 899 423 960; x_wconf 88' lang='lat' dir='ltr'>sententia</span> <span class='ocrx_word' id='word_1_44' title='bbox 443 899 622 977; x_wconf 89' lang='lat' dir='ltr'>terminari,</span> <span class='ocrx_word' id='word_1_45' title='bbox 638 901 683 962; x_wconf 90' lang='lat' dir='ltr'>ita</span> <span class='ocrx_word' id='word_1_46' title='bbox 703 905 807 962; x_wconf 89' lang='lat' dir='ltr'>tamen</span> <span class='ocrx_word' id='word_1_47' title='bbox 829 902 864 960; x_wconf 91' lang='lat' dir='ltr'>ut</span> <span class='ocrx_word' id='word_1_48' title='bbox 881 899 967 979; x_wconf 87' lang='lat' dir='ltr'>prius</span> <span class='ocrx_word' id='word_1_49' title='bbox 986 917 1123 979; x_wconf 90' lang='lat' dir='ltr'>pronun·</span> 
     </span>
     <span class='ocr_line' id='line_1_8' title="bbox 191 991 1124 1072; baseline 0 -18"><span class='ocrx_word' id='word_1_50' title='bbox 191 991 286 1054; x_wconf 85' lang='lat' dir='ltr'>tietur</span> <span class='ocrx_word' id='word_1_51' title='bbox 305 1010 399 1070; x_wconf 89' lang='lat' dir='ltr'>super</span> <span class='ocrx_word' id='word_1_52' title='bbox 419 992 633 1072; x_wconf 89' lang='lat' dir='ltr'>possessione,</span> <span class='ocrx_word' id='word_1_53' title='bbox 658 993 690 1053; x_wconf 89' lang='lat' dir='ltr'>in</span> <span class='ocrx_word' id='word_1_54' title='bbox 716 992 898 1054; x_wconf 75' lang='lat' dir='ltr'>executione</span> <span class='ocrx_word' id='word_1_55' title='bbox 921 996 1028 1053; x_wconf 90' lang='lat' dir='ltr'>tamen</span> <span class='ocrx_word' id='word_1_56' title='bbox 1050 1010 1124 1071; x_wconf 90' lang='lat' dir='ltr'>pro-</span> 
     </span>
     <span class='ocr_line' id='line_1_9' title="bbox 192 1083 1119 1166; baseline 0.004 -22"><span class='ocrx_word' id='word_1_57' title='bbox 192 1083 308 1163; x_wconf 87' lang='lat' dir='ltr'>prietas</span> <span class='ocrx_word' id='word_1_58' title='bbox 319 1085 498 1162; x_wconf 73' lang='lat' dir='ltr'>praevaleat,</span> <span class='ocrx_word' id='word_1_59' title='bbox 509 1086 582 1166; x_wconf 89' lang='lat' dir='ltr'>quia</span> <span class='ocrx_word' id='word_1_60' title='bbox 594 1086 626 1146; x_wconf 91' lang='lat' dir='ltr'>in</span> <span class='ocrx_word' id='word_1_61' title='bbox 635 1086 868 1166; x_wconf 87' lang='lat' dir='ltr'>pronuntiando</span> <span class='ocrx_word' id='word_1_62' title='bbox 879 1089 1021 1148; x_wconf 85' lang='lat' dir='ltr'>servatur</span> <span class='ocrx_word' id='word_1_63' title='bbox 1031 1086 1119 1163; x_wconf 90' lang='lat' dir='ltr'>ordo,</span> 
     </span>
     <span class='ocr_line' id='line_1_10' title="bbox 193 1175 1122 1258; baseline 0.005 -21"><span class='ocrx_word' id='word_1_64' title='bbox 193 1176 244 1256; x_wconf 86' lang='lat' dir='ltr'>qui</span> <span class='ocrx_word' id='word_1_65' title='bbox 253 1175 381 1238; x_wconf 83' lang='lat' dir='ltr'>habitus</span> <span class='ocrx_word' id='word_1_66' title='bbox 388 1178 446 1240; x_wconf 88' lang='lat' dir='ltr'>fuit</span> <span class='ocrx_word' id='word_1_67' title='bbox 452 1179 484 1239; x_wconf 91' lang='lat' dir='ltr'>in</span> <span class='ocrx_word' id='word_1_68' title='bbox 496 1179 731 1258; x_wconf 79' lang='lat' dir='ltr'>cognoscend03</span> <span class='ocrx_word' id='word_1_69' title='bbox 744 1179 812 1241; x_wconf 91' lang='lat' dir='ltr'>etin</span> <span class='ocrx_word' id='word_1_70' title='bbox 824 1180 1005 1242; x_wconf 79' lang='lat' dir='ltr'>executione</span> <span class='ocrx_word' id='word_1_71' title='bbox 1016 1180 1122 1242; x_wconf 87' lang='lat' dir='ltr'>absor-</span> 
     </span>
     <span class='ocr_line' id='line_1_11' title="bbox 163 1269 1118 1351; baseline 0.001 -19"><span class='ocrx_word' id='word_1_72' title='bbox 163 1292 165 1297; x_wconf 94' lang='lat'>·</span> <span class='ocrx_word' id='word_1_73' title='bbox 190 1269 245 1332; x_wconf 88' lang='lat' dir='ltr'>bet</span> <span class='ocrx_word' id='word_1_74' title='bbox 254 1271 567 1332; x_wconf 83' lang='lat' dir='ltr'>effectumseutentiae</span> <span class='ocrx_word' id='word_1_75' title='bbox 577 1271 649 1333; x_wconf 81' lang='lat' dir='ltr'>latae</span> <span class='ocrx_word' id='word_1_76' title='bbox 659 1290 715 1350; x_wconf 89' lang='lat' dir='ltr'>pro</span> <span class='ocrx_word' id='word_1_77' title='bbox 726 1271 921 1351; x_wconf 88' lang='lat' dir='ltr'>possessione</span> <span class='ocrx_word' id='word_1_78' title='bbox 930 1272 1118 1351; x_wconf 86' lang='lat' dir='ltr'>proprietas.</span> 
     </span>
    </p>

    <p class='ocr_par' dir='ltr' id='par_1_3' title="bbox 190 1361 1123 2368">
     <span class='ocr_line' id='line_1_12' title="bbox 231 1361 1121 1444; baseline -0.001 -19"><span class='ocrx_word' id='word_1_79' title='bbox 231 1362 282 1425; x_wconf 85' lang='lat' dir='ltr'>VI.</span> <span class='ocrx_word' id='word_1_80' title='bbox 307 1365 373 1434; x_wconf 84' lang='lat' dir='ltr'>Qua</span> <span class='ocrx_word' id='word_1_81' title='bbox 393 1363 514 1425; x_wconf 86' lang='lat' dir='ltr'>ratione</span> <span class='ocrx_word' id='word_1_82' title='bbox 524 1364 674 1443; x_wconf 85' lang='lat' dir='ltr'>spoliatus</span> <span class='ocrx_word' id='word_1_83' title='bbox 688 1364 849 1426; x_wconf 86' lang='lat' dir='ltr'>instituere</span> <span class='ocrx_word' id='word_1_84' title='bbox 864 1363 961 1443; x_wconf 89' lang='lat' dir='ltr'>possit</span> <span class='ocrx_word' id='word_1_85' title='bbox 966 1361 1121 1444; x_wconf 86' lang='lat' dir='ltr'>judicium</span> 
     </span>
     <span class='ocr_line' id='line_1_13' title="bbox 192 1455 1123 1536; baseline 0 -20"><span class='ocrx_word' id='word_1_86' title='bbox 192 1455 438 1534; x_wconf 87' lang='lat' dir='ltr'>possessorium,</span> <span class='ocrx_word' id='word_1_87' title='bbox 464 1460 495 1518; x_wconf 89' lang='lat' dir='ltr'>et</span> <span class='ocrx_word' id='word_1_88' title='bbox 522 1457 703 1536; x_wconf 89' lang='lat' dir='ltr'>petitorium</span> <span class='ocrx_word' id='word_1_89' title='bbox 724 1472 830 1518; x_wconf 89' lang='lat' dir='ltr'>coram</span> <span class='ocrx_word' id='word_1_90' title='bbox 860 1457 970 1518; x_wconf 89' lang='lat' dir='ltr'>eodem</span> <span class='ocrx_word' id='word_1_91' title='bbox 991 1455 1123 1536; x_wconf 83' lang='lat' dir='ltr'>judice?</span> 
     </span>
     <span class='ocr_line' id='line_1_14' title="bbox 192 1547 1122 1630; baseline -0.002 -20"><span class='ocrx_word' id='word_1_92' title='bbox 192 1547 362 1627; x_wconf 83' lang='lat' dir='ltr'>Spoliatus,</span> <span class='ocrx_word' id='word_1_93' title='bbox 381 1548 435 1628; x_wconf 91' lang='lat' dir='ltr'>qui</span> <span class='ocrx_word' id='word_1_94' title='bbox 453 1549 645 1628; x_wconf 91' lang='lat' dir='ltr'>possessorio</span> <span class='ocrx_word' id='word_1_95' title='bbox 673 1553 703 1611; x_wconf 90' lang='lat' dir='ltr'>et</span> <span class='ocrx_word' id='word_1_96' title='bbox 718 1548 862 1628; x_wconf 85' lang='lat' dir='ltr'>petitorio</span> <span class='ocrx_word' id='word_1_97' title='bbox 879 1547 998 1630; x_wconf 86' lang='lat' dir='ltr'>judicio</span> <span class='ocrx_word' id='word_1_98' title='bbox 1028 1548 1122 1609; x_wconf 90' lang='lat' dir='ltr'>simul</span> 
     </span>
     <span class='ocr_line' id='line_1_15' title="bbox 192 1640 1122 1721; baseline 0.002 -19"><span class='ocrx_word' id='word_1_99' title='bbox 192 1641 256 1720; x_wconf 82' lang='lat' dir='ltr'>agit</span> <span class='ocrx_word' id='word_1_100' title='bbox 271 1640 425 1720; x_wconf 87' lang='lat' dir='ltr'>(quamvis</span> <span class='ocrx_word' id='word_1_101' title='bbox 441 1661 503 1704; x_wconf 88' lang='lat' dir='ltr'>nou</span> <span class='ocrx_word' id='word_1_102' title='bbox 516 1660 641 1721; x_wconf 88' lang='lat' dir='ltr'>semper</span> <span class='ocrx_word' id='word_1_103' title='bbox 655 1643 831 1704; x_wconf 89' lang='lat' dir='ltr'>consultum</span> <span class='ocrx_word' id='word_1_104' title='bbox 845 1643 900 1720; x_wconf 90' lang='lat' dir='ltr'>sit,</span> <span class='ocrx_word' id='word_1_105' title='bbox 917 1645 952 1704; x_wconf 89' lang='lat' dir='ltr'>ut</span> <span class='ocrx_word' id='word_1_106' title='bbox 963 1659 1122 1721; x_wconf 87' lang='lat' dir='ltr'>possesso·</span> 
     </span>
     <span class='ocr_line' id='line_1_16' title="bbox 191 1732 1121 1816; baseline 0.002 -22"><span class='ocrx_word' id='word_1_107' title='bbox 191 1733 273 1794; x_wconf 90' lang='lat' dir='ltr'>rium</span> <span class='ocrx_word' id='word_1_108' title='bbox 287 1732 378 1796; x_wconf 90' lang='lat' dir='ltr'>simul</span> <span class='ocrx_word' id='word_1_109' title='bbox 389 1735 565 1796; x_wconf 81' lang='lat' dir='ltr'>cumuletur</span> <span class='ocrx_word' id='word_1_110' title='bbox 577 1751 649 1796; x_wconf 90' lang='lat' dir='ltr'>oum</span> <span class='ocrx_word' id='word_1_111' title='bbox 659 1735 828 1816; x_wconf 88' lang='lat' dir='ltr'>petitorio),</span> <span class='ocrx_word' id='word_1_112' title='bbox 846 1733 871 1796; x_wconf 89' lang='lat' dir='ltr'>si</span> <span class='ocrx_word' id='word_1_113' title='bbox 892 1734 1121 1814; x_wconf 84' lang='lat' dir='ltr'>possessionem</span> 
     </span>
     <span class='ocr_line' id='line_1_17' title="bbox 192 1826 1121 1906; baseline 0 -18"><span class='ocrx_word' id='word_1_114' title='bbox 192 1830 224 1888; x_wconf 87' lang='lat' dir='ltr'>ct</span> <span class='ocrx_word' id='word_1_115' title='bbox 236 1826 455 1905; x_wconf 89' lang='lat' dir='ltr'>spoliationem</span> <span class='ocrx_word' id='word_1_116' title='bbox 466 1828 589 1906; x_wconf 89' lang='lat' dir='ltr'>probet,</span> <span class='ocrx_word' id='word_1_117' title='bbox 601 1845 664 1890; x_wconf 91' lang='lat' dir='ltr'>non</span> <span class='ocrx_word' id='word_1_118' title='bbox 676 1831 782 1889; x_wconf 89' lang='lat' dir='ltr'>autam</span> <span class='ocrx_word' id='word_1_119' title='bbox 790 1827 974 1905; x_wconf 90' lang='lat' dir='ltr'>dominium,</span> <span class='ocrx_word' id='word_1_120' title='bbox 984 1845 1038 1888; x_wconf 89' lang='lat' dir='ltr'>seu</span> <span class='ocrx_word' id='word_1_121' title='bbox 1051 1845 1121 1906; x_wconf 92' lang='lat' dir='ltr'>pro·</span> 
     </span>
     <span class='ocr_line' id='line_1_18' title="bbox 191 1918 1122 2000; baseline 0.003 -22"><span class='ocrx_word' id='word_1_122' title='bbox 191 1918 374 1998; x_wconf 86' lang='lat' dir='ltr'>prietatem,</span> <span class='ocrx_word' id='word_1_123' title='bbox 402 1920 521 1981; x_wconf 89' lang='lat' dir='ltr'>obtinet</span> <span class='ocrx_word' id='word_1_124' title='bbox 542 1920 573 1980; x_wconf 90' lang='lat' dir='ltr'>in</span> <span class='ocrx_word' id='word_1_125' title='bbox 598 1920 805 2000; x_wconf 88' lang='lat' dir='ltr'>possessorio,</span> <span class='ocrx_word' id='word_1_126' title='bbox 822 1919 913 2000; x_wconf 89' lang='lat' dir='ltr'>eique</span> <span class='ocrx_word' id='word_1_127' title='bbox 928 1919 1122 1983; x_wconf 86' lang='lat' dir='ltr'>restituenda</span> 
     </span>
     <span class='ocr_line' id='line_1_19' title="bbox 193 2011 1122 2094; baseline 0.003 -23"><span class='ocrx_word' id='word_1_128' title='bbox 193 2013 240 2072; x_wconf 88' lang='lat' dir='ltr'>est</span> <span class='ocrx_word' id='word_1_129' title='bbox 264 2011 434 2091; x_wconf 78' lang='lat' dir='ltr'>possessIc,</span> <span class='ocrx_word' id='word_1_130' title='bbox 459 2030 521 2072; x_wconf 86' lang='lat' dir='ltr'>uon</span> <span class='ocrx_word' id='word_1_131' title='bbox 543 2015 649 2074; x_wconf 89' lang='lat' dir='ltr'>autem</span> <span class='ocrx_word' id='word_1_132' title='bbox 671 2012 703 2074; x_wconf 90' lang='lat' dir='ltr'>in</span> <span class='ocrx_word' id='word_1_133' title='bbox 724 2011 869 2092; x_wconf 89' lang='lat' dir='ltr'>petitorio</span> <span class='ocrx_word' id='word_1_134' title='bbox 893 2011 979 2094; x_wconf 85' lang='lat' dir='ltr'>(quia</span> <span class='ocrx_word' id='word_1_135' title='bbox 998 2029 1122 2092; x_wconf 90' lang='lat' dir='ltr'>posses-</span> 
     </span>
     <span class='ocr_line' id='line_1_20' title="bbox 192 2103 1122 2188; baseline 0.002 -24"><span class='ocrx_word' id='word_1_136' title='bbox 192 2103 312 2188; x_wconf 86' lang='lat' dir='ltr'>siouem</span> <span class='ocrx_word' id='word_1_137' title='bbox 343 2107 374 2165; x_wconf 89' lang='lat' dir='ltr'>at</span> <span class='ocrx_word' id='word_1_138' title='bbox 393 2104 612 2183; x_wconf 87' lang='lat' dir='ltr'>spoliationem</span> <span class='ocrx_word' id='word_1_139' title='bbox 626 2105 786 2185; x_wconf 79' lang='lat' dir='ltr'>probarit,</span> <span class='ocrx_word' id='word_1_140' title='bbox 812 2123 875 2167; x_wconf 90' lang='lat' dir='ltr'>non</span> <span class='ocrx_word' id='word_1_141' title='bbox 895 2109 1001 2168; x_wconf 88' lang='lat' dir='ltr'>autem</span> <span class='ocrx_word' id='word_1_142' title='bbox 1021 2105 1122 2167; x_wconf 91' lang='lat' dir='ltr'>domi-</span> 
     </span>
     <span class='ocr_line' id='line_1_21' title="bbox 191 2193 1122 2276; baseline 0.004 -20"><span class='ocrx_word' id='word_1_143' title='bbox 191 2196 288 2273; x_wconf 89' lang='lat' dir='ltr'>nium,</span> <span class='ocrx_word' id='word_1_144' title='bbox 306 2200 337 2258; x_wconf 90' lang='lat' dir='ltr'>et</span> <span class='ocrx_word' id='word_1_145' title='bbox 358 2199 398 2258; x_wconf 91' lang='lat' dir='ltr'>ab</span> <span class='ocrx_word' id='word_1_146' title='bbox 412 2216 475 2258; x_wconf 89' lang='lat' dir='ltr'>una</span> <span class='ocrx_word' id='word_1_147' title='bbox 486 2193 691 2276; x_wconf 87' lang='lat' dir='ltr'>possessionis</span> <span class='ocrx_word' id='word_1_148' title='bbox 705 2199 744 2260; x_wconf 87' lang='lat' dir='ltr'>ad</span> <span class='ocrx_word' id='word_1_149' title='bbox 760 2198 896 2258; x_wconf 86' lang='lat' dir='ltr'>alteram·</span> <span class='ocrx_word' id='word_1_150' title='bbox 906 2216 1033 2260; x_wconf 87' lang='lat' dir='ltr'>causam</span> <span class='ocrx_word' id='word_1_151' title='bbox 1048 2217 1122 2276; x_wconf 85' lang='lat' dir='ltr'>prc-</span> 
     </span>
     <span class='ocr_line' id='line_1_22' title="bbox 190 2288 978 2368; baseline 0.003 -20"><span class='ocrx_word' id='word_1_152' title='bbox 190 2288 331 2368; x_wconf 87' lang='lat' dir='ltr'>prietatis</span> <span class='ocrx_word' id='word_1_153' title='bbox 346 2289 432 2351; x_wconf 90' lang='lat' dir='ltr'>velut</span> <span class='ocrx_word' id='word_1_154' title='bbox 443 2289 621 2352; x_wconf 86' lang='lat' dir='ltr'>distinctam</span> <span class='ocrx_word' id='word_1_155' title='bbox 637 2307 699 2350; x_wconf 88' lang='lat' dir='ltr'>non</span> <span class='ocrx_word' id='word_1_156' title='bbox 713 2290 753 2350; x_wconf 90' lang='lat' dir='ltr'>sit</span> <span class='ocrx_word' id='word_1_157' title='bbox 764 2289 848 2348; x_wconf 87' lang='lat' dir='ltr'>hona</span> <span class='ocrx_word' id='word_1_158' title='bbox 857 2289 978 2367; x_wconf 82' lang='lat' dir='ltr'>illatio).</span> 
     </span>
    </p>

    <p class='ocr_par' dir='ltr' id='par_1_4' title="bbox 120 2379 1122 3488">
     <span class='ocr_line' id='line_1_23' title="bbox 231 2379 1118 2462; baseline 0 -20"><span class='ocrx_word' id='word_1_159' title='bbox 231 2383 270 2442; x_wconf 79' lang='lat' dir='ltr'>ut</span> <span class='ocrx_word' id='word_1_160' title='bbox 281 2380 333 2460; x_wconf 92' lang='lat' dir='ltr'>qui</span> <span class='ocrx_word' id='word_1_161' title='bbox 344 2382 383 2443; x_wconf 87' lang='lat' dir='ltr'>ab</span> <span class='ocrx_word' id='word_1_162' title='bbox 398 2381 485 2444; x_wconf 91' lang='lat' dir='ltr'>initio</span> <span class='ocrx_word' id='word_1_163' title='bbox 497 2381 562 2462; x_wconf 82' lang='lat' dir='ltr'>agit</span> <span class='ocrx_word' id='word_1_164' title='bbox 570 2381 689 2462; x_wconf 85' lang='lat' dir='ltr'>judicio</span> <span class='ocrx_word' id='word_1_165' title='bbox 699 2379 856 2460; x_wconf 91' lang='lat' dir='ltr'>petitorio,</span> <span class='ocrx_word' id='word_1_166' title='bbox 866 2379 905 2439; x_wconf 90' lang='lat' dir='ltr'>de</span> <span class='ocrx_word' id='word_1_167' title='bbox 916 2379 1118 2459; x_wconf 86' lang='lat' dir='ltr'>proprietate,</span> 
     </span>
     <span class='ocr_line' id='line_1_24' title="bbox 191 2471 1122 2554; baseline 0.001 -21"><span class='ocrx_word' id='word_1_168' title='bbox 191 2473 255 2534; x_wconf 86' lang='lat' dir='ltr'>siva</span> <span class='ocrx_word' id='word_1_169' title='bbox 272 2473 317 2534; x_wconf 92' lang='lat' dir='ltr'>rei</span> <span class='ocrx_word' id='word_1_170' title='bbox 330 2473 553 2548; x_wconf 80' lang='lat' dir='ltr'>vindicatione,</span> <span class='ocrx_word' id='word_1_171' title='bbox 567 2477 680 2554; x_wconf 91' lang='lat' dir='ltr'>potest,</span> <span class='ocrx_word' id='word_1_172' title='bbox 697 2472 722 2534; x_wconf 90' lang='lat' dir='ltr'>si</span> <span class='ocrx_word' id='word_1_173' title='bbox 736 2471 872 2533; x_wconf 89' lang='lat' dir='ltr'>necdum</span> <span class='ocrx_word' id='word_1_174' title='bbox 889 2471 921 2532; x_wconf 91' lang='lat' dir='ltr'>in</span> <span class='ocrx_word' id='word_1_175' title='bbox 936 2489 1031 2534; x_wconf 88' lang='lat' dir='ltr'>causa</span> <span class='ocrx_word' id='word_1_176' title='bbox 1047 2489 1122 2535; x_wconf 88' lang='lat' dir='ltr'>con·</span> 
     </span>
     <span class='ocr_line' id='line_1_25' title="bbox 191 2565 1121 2648; baseline 0 -20"><span class='ocrx_word' id='word_1_177' title='bbox 191 2566 312 2628; x_wconf 90' lang='lat' dir='ltr'>clusum</span> <span class='ocrx_word' id='word_1_178' title='bbox 335 2565 389 2644; x_wconf 90' lang='lat' dir='ltr'>sit,</span> <span class='ocrx_word' id='word_1_179' title='bbox 412 2586 561 2647; x_wconf 89' lang='lat' dir='ltr'>suspenso</span> <span class='ocrx_word' id='word_1_180' title='bbox 585 2566 703 2648; x_wconf 83' lang='lat' dir='ltr'>judicio</span> <span class='ocrx_word' id='word_1_181' title='bbox 733 2565 896 2646; x_wconf 88' lang='lat' dir='ltr'>petitorio,</span> <span class='ocrx_word' id='word_1_182' title='bbox 920 2565 1121 2628; x_wconf 88' lang='lat' dir='ltr'>interdictum</span> 
     </span>
     <span class='ocr_line' id='line_1_26' title="bbox 191 2658 1122 2741; baseline 0.002 -21"><span class='ocrx_word' id='word_1_183' title='bbox 191 2658 418 2740; x_wconf 88' lang='lat' dir='ltr'>possessorium</span> <span class='ocrx_word' id='word_1_184' title='bbox 435 2661 664 2741; x_wconf 85' lang='lat' dir='ltr'>adipiscendae,</span> <span class='ocrx_word' id='word_1_185' title='bbox 686 2660 736 2721; x_wconf 89' lang='lat' dir='ltr'>vol</span> <span class='ocrx_word' id='word_1_186' title='bbox 757 2661 981 2740; x_wconf 72' lang='lat' dir='ltr'>recuperanda</span> <span class='ocrx_word' id='word_1_187' title='bbox 998 2677 1122 2738; x_wconf 88' lang='lat' dir='ltr'>posses-</span> 
     </span>
     <span class='ocr_line' id='line_1_27' title="bbox 191 2751 1121 2835; baseline 0 -21"><span class='ocrx_word' id='word_1_188' title='bbox 191 2752 286 2814; x_wconf 91' lang='lat' dir='ltr'>sionis</span> <span class='ocrx_word' id='word_1_189' title='bbox 301 2751 474 2830; x_wconf 88' lang='lat' dir='ltr'>intentore,</span> <span class='ocrx_word' id='word_1_190' title='bbox 499 2772 561 2816; x_wconf 88' lang='lat' dir='ltr'>nou</span> <span class='ocrx_word' id='word_1_191' title='bbox 576 2757 682 2826; x_wconf 88' lang='lat' dir='ltr'>autem</span> <span class='ocrx_word' id='word_1_192' title='bbox 700 2757 867 2835; x_wconf 83' lang='lat' dir='ltr'>postquam</span> <span class='ocrx_word' id='word_1_193' title='bbox 886 2753 918 2813; x_wconf 92' lang='lat' dir='ltr'>in</span> <span class='ocrx_word' id='word_1_194' title='bbox 940 2771 1036 2814; x_wconf 86' lang='lat' dir='ltr'>causa</span> <span class='ocrx_word' id='word_1_195' title='bbox 1050 2772 1121 2814; x_wconf 87' lang='lat' dir='ltr'>cun-</span> 
     </span>
     <span class='ocr_line' id='line_1_28' title="bbox 120 2845 1120 2929; baseline -0.002 -22"><span class='ocrx_word' id='word_1_196' title='bbox 120 2853 122 2855; x_wconf 82' lang='grc'><strong>’</strong></span> <span class='ocrx_word' id='word_1_197' title='bbox 192 2846 313 2908; x_wconf 89' lang='lat' dir='ltr'>clusum</span> <span class='ocrx_word' id='word_1_198' title='bbox 339 2849 400 2923; x_wconf 89' lang='lat' dir='ltr'>cst,</span> <span class='ocrx_word' id='word_1_199' title='bbox 427 2845 488 2908; x_wconf 88' lang='lat' dir='ltr'>nisi</span> <span class='ocrx_word' id='word_1_200' title='bbox 505 2845 604 2927; x_wconf 86' lang='lat' dir='ltr'>judici</span> <span class='ocrx_word' id='word_1_201' title='bbox 631 2867 669 2908; x_wconf 82' lang='lat' dir='ltr'>ex</span> <span class='ocrx_word' id='word_1_202' title='bbox 691 2849 777 2929; x_wconf 84' lang='lat' dir='ltr'>justa</span> <span class='ocrx_word' id='word_1_203' title='bbox 799 2865 894 2908; x_wconf 87' lang='lat' dir='ltr'>eausa</span> <span class='ocrx_word' id='word_1_204' title='bbox 918 2845 950 2906; x_wconf 89' lang='lat' dir='ltr'>id</span> <span class='ocrx_word' id='word_1_205' title='bbox 974 2846 1120 2926; x_wconf 83' lang='lat' dir='ltr'>expedire</span> 
     </span>
     <span class='ocr_line' id='line_1_29' title="bbox 190 2938 1122 3019; baseline -0.005 -18"><span class='ocrx_word' id='word_1_206' title='bbox 190 2938 293 3001; x_wconf 86' lang='lat' dir='ltr'>visum</span> <span class='ocrx_word' id='word_1_207' title='bbox 311 2939 420 3016; x_wconf 86' lang='lat' dir='ltr'>luerit,</span> <span class='ocrx_word' id='word_1_208' title='bbox 441 2939 467 3000; x_wconf 88' lang='lat' dir='ltr'>si</span> <span class='ocrx_word' id='word_1_209' title='bbox 488 2939 623 3019; x_wconf 88' lang='lat' dir='ltr'>petitorii</span> <span class='ocrx_word' id='word_1_210' title='bbox 647 2939 864 3018; x_wconf 86' lang='lat' dir='ltr'>probationem</span> <span class='ocrx_word' id='word_1_211' title='bbox 888 2957 949 2999; x_wconf 92' lang='lat' dir='ltr'>non</span> <span class='ocrx_word' id='word_1_212' title='bbox 977 2938 1122 2998; x_wconf 89' lang='lat' dir='ltr'>videatur</span> 
     </span>
     <span class='ocr_line' id='line_1_30' title="bbox 190 3027 1116 3112; baseline -0.005 -17"><span class='ocrx_word' id='word_1_213' title='bbox 190 3051 280 3112; x_wconf 87' lang='lat' dir='ltr'>posse</span> <span class='ocrx_word' id='word_1_214' title='bbox 295 3033 451 3110; x_wconf 87' lang='lat' dir='ltr'>evincere,</span> <span class='ocrx_word' id='word_1_215' title='bbox 469 3031 676 3096; x_wconf 87' lang='lat' dir='ltr'>uttamcnvia</span> <span class='ocrx_word' id='word_1_216' title='bbox 690 3032 853 3094; x_wconf 86' lang='lat' dir='ltr'>fraudibus</span> <span class='ocrx_word' id='word_1_217' title='bbox 867 3049 931 3090; x_wconf 93' lang='lat' dir='ltr'>nou</span> <span class='ocrx_word' id='word_1_218' title='bbox 946 3027 1116 3106; x_wconf 89' lang='lat' dir='ltr'>aperiatur.</span> 
     </span>
     <span class='ocr_line' id='line_1_31' title="bbox 190 3119 1117 3205; baseline -0.006 -17"><span class='ocrx_word' id='word_1_219' title='bbox 190 3125 367 3200; x_wconf 88' lang='lat' dir='ltr'>Quinimmo</span> <span class='ocrx_word' id='word_1_220' title='bbox 383 3126 478 3188; x_wconf 88' lang='lat' dir='ltr'>etiam</span> <span class='ocrx_word' id='word_1_221' title='bbox 502 3129 573 3205; x_wconf 88' lang='lat' dir='ltr'>post</span> <span class='ocrx_word' id='word_1_222' title='bbox 587 3125 774 3186; x_wconf 85' lang='lat' dir='ltr'>sententiam</span> <span class='ocrx_word' id='word_1_223' title='bbox 793 3125 824 3184; x_wconf 93' lang='lat' dir='ltr'>in</span> <span class='ocrx_word' id='word_1_224' title='bbox 839 3119 984 3202; x_wconf 88' lang='lat' dir='ltr'>petitorio</span> <span class='ocrx_word' id='word_1_225' title='bbox 999 3122 1117 3200; x_wconf 86' lang='lat' dir='ltr'>latam,</span> 
     </span>
     <span class='ocr_line' id='line_1_32' title="bbox 190 3207 1119 3302; baseline -0.003 -22"><span class='ocrx_word' id='word_1_226' title='bbox 190 3217 264 3302; x_wconf 88' lang='lat' dir='ltr'>quia</span> <span class='ocrx_word' id='word_1_227' title='bbox 283 3219 363 3281; x_wconf 89' lang='lat' dir='ltr'>alter</span> <span class='ocrx_word' id='word_1_228' title='bbox 382 3219 413 3279; x_wconf 89' lang='lat' dir='ltr'>in</span> <span class='ocrx_word' id='word_1_229' title='bbox 441 3207 632 3298; x_wconf 87' lang='lat' dir='ltr'>probatione</span> <span class='ocrx_word' id='word_1_230' title='bbox 647 3217 776 3278; x_wconf 90' lang='lat' dir='ltr'>dominii</span> <span class='ocrx_word' id='word_1_231' title='bbox 797 3213 925 3292; x_wconf 82' lang='lat' dir='ltr'>defecit,</span> <span class='ocrx_word' id='word_1_232' title='bbox 947 3217 1050 3294; x_wconf 86' lang='lat' dir='ltr'>potest</span> <span class='ocrx_word' id='word_1_233' title='bbox 1068 3214 1119 3277; x_wconf 90' lang='lat' dir='ltr'>hio</span> 
     </span>
     <span class='ocr_line' id='line_1_33' title="bbox 189 3309 1119 3393; baseline -0.005 -18"><span class='ocrx_word' id='word_1_234' title='bbox 189 3313 323 3375; x_wconf 88' lang='lat' dir='ltr'>transire</span> <span class='ocrx_word' id='word_1_235' title='bbox 336 3311 440 3375; x_wconf 87' lang='lat' dir='ltr'>adhuc</span> <span class='ocrx_word' id='word_1_236' title='bbox 454 3313 495 3374; x_wconf 91' lang='lat' dir='ltr'>ad</span> <span class='ocrx_word' id='word_1_237' title='bbox 509 3311 746 3393; x_wconf 86' lang='lat' dir='ltr'>possessorium,</span> <span class='ocrx_word' id='word_1_238' title='bbox 764 3314 795 3373; x_wconf 90' lang='lat' dir='ltr'>et</span> <span class='ocrx_word' id='word_1_239' title='bbox 808 3329 825 3371; x_wconf 90' lang='lat' dir='ltr'>e</span> <span class='ocrx_word' id='word_1_240' title='bbox 839 3309 995 3372; x_wconf 89' lang='lat' dir='ltr'>contrario</span> <span class='ocrx_word' id='word_1_241' title='bbox 1011 3309 1052 3370; x_wconf 90' lang='lat' dir='ltr'>ad</span> <span class='ocrx_word' id='word_1_242' title='bbox 1065 3327 1119 3388; x_wconf 90' lang='lat' dir='ltr'>pe·</span> 
     </span>
     <span class='ocr_line' id='line_1_34' title="bbox 189 3403 1119 3488; baseline -0.006 -20"><span class='ocrx_word' id='word_1_243' title='bbox 189 3406 330 3468; x_wconf 87' lang='lat' dir='ltr'>titorium</span> <span class='ocrx_word' id='word_1_244' title='bbox 344 3407 574 3486; x_wconf 88' lang='lat' dir='ltr'>epossessorio,</span> <span class='ocrx_word' id='word_1_245' title='bbox 602 3407 675 3488; x_wconf 89' lang='lat' dir='ltr'>quia</span> <span class='ocrx_word' id='word_1_246' title='bbox 695 3411 767 3468; x_wconf 88' lang='lat' dir='ltr'>sunt</span> <span class='ocrx_word' id='word_1_247' title='bbox 781 3403 927 3466; x_wconf 85' lang='lat' dir='ltr'>distincta</span> <span class='ocrx_word' id='word_1_248' title='bbox 945 3409 976 3466; x_wconf 89' lang='lat' dir='ltr'>at</span> <span class='ocrx_word' id='word_1_249' title='bbox 990 3420 1119 3482; x_wconf 86' lang='lat' dir='ltr'>separa-</span> 
     </span>
    </p>
   </div>
   <div class='ocr_carea' id='block_1_3' title="bbox 189 3497 1114 3604">
    <p class='ocr_par' dir='ltr' id='par_1_5' title="bbox 189 3497 1114 3604">
     <span class='ocr_line' id='line_1_35' title="bbox 189 3497 1114 3604; baseline -0.004 -42"><span class='ocrx_word' id='word_1_250' title='bbox 189 3499 265 3562; x_wconf 80' lang='lat' dir='ltr'>bilia</span> <span class='ocrx_word' id='word_1_251' title='bbox 273 3498 409 3604; x_wconf 79' lang='lat' dir='ltr'>judicia,</span> <span class='ocrx_word' id='word_1_252' title='bbox 425 3517 494 3582; x_wconf 82' lang='lat' dir='ltr'>quaa</span> <span class='ocrx_word' id='word_1_253' title='bbox 514 3501 618 3582; x_wconf 86' lang='lat' dir='ltr'>quoad</span> <span class='ocrx_word' id='word_1_254' title='bbox 631 3500 690 3564; x_wconf 91' lang='lat' dir='ltr'>hoo</span> <span class='ocrx_word' id='word_1_255' title='bbox 704 3497 781 3562; x_wconf 88' lang='lat' dir='ltr'>nihil</span> <span class='ocrx_word' id='word_1_256' title='bbox 798 3515 964 3562; x_wconf 88' lang='lat' dir='ltr'>commune</span> <span class='ocrx_word' id='word_1_257' title='bbox 986 3497 1114 3558; x_wconf 83' lang='lat' dir='ltr'>habent.</span> 
     </span>
    </p>
   </div>
   <div class='ocr_carea' id='block_1_4' title="bbox 0 0 1296 4022">
    <p class='ocr_par' dir='ltr' id='par_1_6' title="bbox 0 0 1296 4022">
     <span class='ocr_line' id='line_1_36' title="bbox 0 0 1296 4022; baseline 0 0"><span class='ocrx_word' id='word_1_258' title='bbox 0 0 1296 4022; x_wconf 95' lang='lat' dir='ltr'> </span> 
     </span>
    </p>
   </div>
  </div>
 </body>
</html>
