2584 4022
520 301 560 348 or
579 300 720 350 runicus.
1048 289 1084 350 st

157 445 476 528 possessore-contre
492 463 586 526 quem
596 446 649 528 jus
664 445 855 527 acquiritur,
875 447 921 510 ite
933 449 1039 510 temen
1053 452 1089 509 ut

158 541 201 603 ed
210 538 441 618 possessionem
451 538 521 600 telis
531 538 611 620 juris
621 539 846 620 acquirendam
857 558 938 601 unus
948 555 1090 602 nonnun-

159 651 254 713 qusm
269 636 356 694 ectus
371 631 515 708 sufficiet,
531 633 556 693 si
571 651 655 710 raro,
677 653 708 694 v.
725 651 770 712 g.‚
788 636 820 694 et
835 651 900 696 non
912 633 1004 696 focile
1018 631 1090 694 telis

158 745 235 788 usus
249 743 287 786 ex
300 725 404 806 gratie
419 724 620 802 concedetur,
629 743 855 806 nonnunquam
869 725 975 804 plures
989 731 1088 802 octus,

160 822 192 880 et
212 837 263 879 res
282 836 320 880 ex
333 817 429 878 variis
443 817 684 880 circumstantiis
700 817 803 896 colligi
814 817 947 893 debent3
964 835 1091 896 semper

161 915 269 974 tamen
282 909 453 990 requiritur
466 929 611 972 exercere
622 911 717 974 telem
731 912 847 988 ectum,
860 928 922 972 non
938 928 976 972 ex
989 907 1093 989 gretie

160 1007 284 1066 tentum
295 1002 434 1080 alterius,
449 1003 504 1064 sed
519 1022 557 1064 ex
567 1003 639 1084 jure
654 1003 744 1084 quasi
760 1003 818 1064 sibi
831 1006 1040 1083 competente.

201 1095 493 1184 Amittiturueutem
509 1097 666 1175 possessio
697 1096 763 1159 solo
783 1096 878 1159 etiem
904 1095 1007 1158 animo
1029 1113 1093 1158 non

161 1188 353 1270 possidendi,
365 1191 401 1251 ut
412 1189 438 1250 si
451 1188 521 1268 quis
535 1208 572 1248 ex
584 1189 682 1250 fundo
697 1207 754 1252 suo
765 1189 890 1266 babeat,
904 1189 1008 1252 euimo
1021 1205 1093 1250 eum

161 1301 225 1344 non
238 1281 429 1361 possidendi,
447 1281 561 1343 emittit
574 1281 663 1342 fundi
678 1282 761 1343 illius
776 1282 1018 1360 possessionem,-
1030 1299 1093 1344 non

162 1374 289 1455 quidem
308 1373 394 1455 quod
415 1374 611 1454 corporalem
636 1373 731 1452 illius,
749 1375 814 1434 sive
829 1375 1007 1436 naturalem
1021 1391 1095 1452 pos-

162 1467 333 1529 sessionem
359 1484 422 1528 non
445 1467 594 1543 retineat,
617 1485 654 1528 eo
670 1466 755 1547 quod
778 1485 816 1527 ex
838 1485 876 1528 eo
892 1466 1097 1547 corporaliter

163 1559 314 1638 discedet,
327 1559 384 1622 sed
399 1560 485 1640 quod
498 1558 639 1620 animum
654 1577 716 1621 non
732 1559 866 1638 emplius
881 1558 1008 1637 bebeet,
1023 1558 1097 1620 tuu-

164 1653 240 1714 dum
253 1653 349 1715 telem
363 1655 398 1714 ut
410 1671 503 1716 suum
516 1652 689 1730 retinendi,
711 1671 773 1732 quo
785 1651 889 1714 animo
903 1651 1037 1732 abjecto,
1055 1650 1096 1712 ci·

163 1745 258 1806 vilem
279 1745 375 1808 etiem
400 1745 630 1824 possessionem
643 1745 763 1806 emittit
784 1765 791 1806 :
816 1741 971 1806 emittitur
989 1747 1096 1806 eutem

164 1837 320 1918 possessio
334 1837 541 1900 immobilium
555 1856 672 1916 rerum,
690 1838 873 1914 silendum,
890 1857 921 1899 v.
938 1855 984 1916 3.,
1002 1854 1096 1916 quem

166 1930 371 2010 corporaliter
385 1933 572 2009 occupatum
587 1948 650 1992 non
673 1930 789 2009 repetis
808 1929 960 2008 emplius,
976 1929 1027 1990 vel
1048 1947 1098 1989 re-

165 2023 289 2104 pulsam
301 2042 422 2103 pessus,
439 2023 517 2084 nihil
531 2022 659 2084 ulterius
675 2023 762 2102 egis3
776 2023 941 2086 mobilium
955 2039 1030 2084 vero
1044 2065 1051 2097 ‚
1071 2020 1097 2082 si

166 2117 331 2196 ignorante
353 2116 449 2178 etiem
462 2122 514 2193 te,
531 2134 599 2176 rem
618 2120 706 2178 tuem
721 2115 886 2193 mobilem,
908 2114 968 2177 bec
979 2114 1012 2176 in
1026 2131 1099 2193 pos-

165 2212 270 2270 terum
283 2211 319 2272 ut
331 2227 388 2270 sue
400 2209 519 2286 utendi,
539 2209 633 2288 eripit
648 2208 772 2289 aliquis·

207 2303 260 2363 ΙΙΙ.
284 2304 328 2363 De
338 2301 475 2382 judiciis
494 2319 549 2362 seu
564 2299 699 2360 remediis
708 2298 891 2378 possessoriis
904 2297 934 2357 io
947 2315 1051 2376 pecere
1070 2303 1099 2358 et

169 2395 200 2456 io
220 2393 328 2474 specie,
346 2411 453 2456 eorem
476 2411 538 2472 quo
555 2391 663 2473 judice
678 2390 797 2453 institui
821 2389 935 2450 debeat
945 2386 1099 2468 judicium

169 2485 396 2564 possessorium
406 2487 439 2546 in
450 2486 544 2547 rebus
552 2481 789 2564 spiritualibus?
800 2481 927 2560 Triplex
937 2480 970 2540 in
983 2497 1099 2558 genere

167 2577 332 2660 judicium,
353 2597 410 2640 seu
424 2578 599 2640 remedium
621 2577 686 2640 sive
702 2575 902 2638 interdictum
917 2568 965 2636 est
977 2589 1101 2652 posses-

171 2671 290 2734 sorium
308 2671 518 2752 adipiscendae
536 2670 655 2734 scilieet
674 2669 897 2750 possessionis,
914 2685 1010 2748 quem
1023 2683 1101 2727 uun-

172 2782 270 2844 quam
282 2764 437 2838 habuisti3
457 2765 641 2842 retinendae,
657 2764 690 2826 in
711 2781 773 2844 que
787 2760 943 2834 turberis3
969 2763 1001 2820 el
1013 2775 1101 2818 recu-

171 2856 341 2933 perande,
369 2874 464 2937 quam
485 2857 628 2920 bebitem
655 2854 796 2918 emisisti.
824 2857 899 2927 Ques
922 2850 1099 2924 interdicte,

171 2948 261 3010 sicuti
276 2949 419 3028 pluribus
435 2950 592 3029 explicent
606 2949 746 3009 civilistee
760 2993 767 3023 ‚
782 2947 828 3008 ite
843 2946 882 3006 eb
898 2945 958 3005 illis
972 2941 1103 3003 ulterior

172 3041 365 3119 subdivisio,
393 3045 425 3104 et
450 3042 615 3122 explicatio
640 3039 777 3118 petenda
796 3044 853 3098 est.
880 3034 988 3098 Videri
1008 3030 1102 3092 etiem

172 3136 275 3214 potest
289 3137 399 3197 euctor
412 3134 570 3211 Meroen,
587 3133 648 3194 boc
661 3131 743 3192 loco.

213 3227 293 3289 Illud
304 3227 355 3288 bic
369 3227 472 3288 edbue
485 3224 728 3300 advertendum,
743 3222 769 3284 si
779 3219 935 3302 judicium
945 3237 1105 3300 possesso-

173 3320 255 3382 rium
264 3319 486 3399 adipiscendae,
503 3319 554 3382 vel
563 3311 1003 3397 recuperendaepossessionis
1022 3314 1106 3375 circe

175 3412 349 3494 spiritualia
365 3413 416 3476 vel
431 3412 519 3493 quusi
535 3409 722 3493 spiritualis,
738 3407 935 3490 instituetur,
951 3407 1035 3470 circe
1049 3406 1105 3468 be-

176 3505 307 3584 neficis,
331 3525 360 3570 u
379 3525 425 3586 3.,
437 3505 490 3587 jus
506 3501 867 3586 patronatus‚ceeimus,
885 3505 957 3580 etc,
975 3499 1104 3581 questio
