2584 4022
180 261 224 330 ,92
406 273 636 322 rusrrrurlonus
656 274 740 322 runs
761 273 917 320 oxnourer.

186 419 250 482 diei
272 419 434 492 addeturr
448 436 562 481 nomen
588 437 712 498 quoque
744 422 775 481 et
796 421 898 479 annus
920 415 1120 496 imperatoris

185 515 346 593 regnantis
360 512 393 573 in
406 511 498 574 terris
512 511 646 592 imperii,
659 515 715 574 aut
727 511 868 591 supremi
875 510 957 572 illius
969 509 1120 589 principis

187 605 442 686 quisuperiorem
450 604 482 665 in
490 605 555 666 suis
564 606 656 666 terris
666 623 728 666 non
740 601 893 684 agnoseit,
904 603 1097 682 exprimatur
1110 623 1118 676 3

186 695 1116 778 apponaturetiamloouscastri,velcivitatis,domusetiam,

186 798 218 854 et
240 791 437 870 hypocausti,
460 791 510 866 vel
533 791 614 868 atrii,
642 790 694 852 ubi
709 793 899 865 contractus,
914 809 944 850 v.
961 808 1006 868 g.,
1024 806 1119 867 super

187 904 249 965 quo
267 884 430 946 conficitur
443 883 697 959 instrumentum,
714 882 891 945 celebratus
905 885 952 942 est
966 879 1121 961 (quamvis

183 977 405 1060 juxtaaliquos
420 976 487 1037 haec
501 981 567 1040 tam
593 975 742 1055 specialia
763 978 794 1036 et
805 975 927 1035 minuta
941 992 1003 1036 non
1014 972 1120 1053 requi·

188 1073 309 1146 rantur,
326 1069 596 1131 servandatamen
608 1069 723 1132 iterum
733 1066 949 1145 consuetudo).
1099 1059 1100 1062 '

228 1162 333 1224 Tertio
361 1161 533 1240 requiritur
555 1165 589 1224 nt
609 1161 670 1224 duo
687 1162 738 1223 vel
756 1165 820 1222 tres
841 1164 936 1221 testes
956 1159 1040 1220 actui
1062 1158 1118 1235 illi,

188 1274 244 1317 seu
267 1254 452 1317 confectioni
467 1255 665 1316 instrumenti
690 1253 803 1330 adsint,
821 1251 923 1314 vocati
948 1252 989 1312 ad
1010 1252 1070 1313 hoc
1091 1254 1122 1312 ct

188 1349 300 1429 rogati,
327 1348 436 1410 saltem
452 1348 484 1408 in
499 1348 591 1409 certis
605 1347 799 1429 quibusdam*
820 1345 956 1421 casibus,
985 1362 1119 1424 quorum

189 1442 316 1504 nomine
330 1441 537 1503 instrumento
552 1442 740 1518 inserantur,
756 1443 791 1501 ut
803 1441 954 1518 appareat
975 1456 1032 1516 per
1045 1455 1122 1518 quos

189 1535 228 1596 de
249 1534 391 1610 veritate,
418 1533 442 1593 si
467 1533 597 1594 dubium
618 1533 747 1609 oriatur,
783 1535 925 1594 constare
950 1530 1059 1609 possit.
1084 1530 1123 1590 llt

190 1625 332 1708 quamvis
347 1625 559 1686 necessarium
572 1643 635 1686 non
659 1625 699 1685 sit
717 1628 749 1686 ut
766 1623 895 1686 nomine
915 1641 973 1684 sua
986 1621 1124 1684 subscri·

189 1720 266 1783 hant
279 1722 384 1796 testes,
415 1718 554 1781 notarius
576 1721 682 1779 tamen
704 1736 797 1780 suum
817 1734 991 1796 pronomen
1017 1718 1049 1776 et
1070 1731 1123 1776 co-

189 1828 326 1892 gnomen
340 1811 537 1872 subscribere
552 1811 656 1888 dehet,
674 1813 705 1872 et
724 1810 816 1872 simul
836 1809 1010 1888 exprimere
1038 1807 1122 1886 quod

190 1905 230 1966 ab
245 1925 294 1982 eo,
309 1904 360 1966 vel
372 1904 411 1965 ab
424 1904 495 1981 illis,
517 1923 555 1964 ex
570 1921 703 1984 quorum
722 1919 875 1964 consensu
899 1905 988 1964 actus
1002 1899 1053 1962 hio
1069 1899 1124 1960 de-

189 1999 315 2076 pendet,
332 2000 461 2075 rogatus
477 1997 518 2058 ad
532 1997 592 2058 hoe
606 1996 710 2059 fuerit.

233 2093 349 2162 Quarto
362 2089 498 2170 denique
513 2089 683 2170 requiritur
708 2093 744 2152 ut
762 2089 1005 2158 instrumentum
1027 2085 1125 2166 scrip-

101 2185 107 2195 ‘
191 2185 380 2244 tumueram
400 2183 542 2263 partibus
554 2183 677 2262 legatur
688 2183 725 2262 (si
736 2186 843 2244 tamen
854 2183 1032 2243 contractus
1043 2180 1124 2242 ratio

186 2278 379 2356 ,scripturum
402 2275 520 2356 exigit),
550 2280 643 2356 atque
674 2277 813 2338 solemne
843 2273 957 2335 notarii
987 2272 1124 2352 sigillum

191 2375 377 2448 apponatur,
400 2371 484 2450 quod
505 2369 633 2450 quidem
653 2370 691 2430 de
708 2369 779 2449 Jure
799 2387 861 2429 non
880 2365 1065 2446 requiritur,
1089 2369 1126 2428 ut

190 2463 352 2538 pluraalia
367 2462 560 2524 consuetudo
570 2469 676 2523 tamen
688 2462 789 2542 jubet,
806 2459 919 2540 quaein
933 2459 1123 2522 hacinstru·

189 2557 369 2614 mentorum
383 2555 516 2614 materie
530 2555 665 2616 multum
681 2554 774 2615 valet.

227 2646 321 2706 XXX.
347 2643 439 2717 Quom
460 2645 519 2706 clm
535 2645 685 2724 probandi
704 2645 829 2706 habeant
848 2645 1041 2704 instrumento
1061 2663 1123 2724 pu-

179 2735 291 2796 blico?
327 2737 485 2816 Originale
513 2737 755 2798 instrumentum
778 2737 918 2816 legitime
946 2736 1124 2798 confectum

189 2829 280 2909 plene
291 2830 413 2908 prohat,
431 2834 462 2892 et
476 2831 601 2909 plenam
613 2830 709 2890 tidem
722 2829 797 2891 faoit
811 2829 849 2890 de
863 2829 923 2892 illis
939 2845 1008 2909 quae
1020 2827 1122 2906 dispo-

188 2922 278 2986 sitive
293 2922 325 2984 in
340 2939 376 2984 eo
393 2923 613 3000 continentur,
634 2942 697 2984 non
724 2925 846 2984 tantum
869 2940 926 3001 pro
943 2921 1121 3000 proterente

187 3017 249 3080 talc
264 3017 517 3094 instrumentum,
533 3017 589 3078 sed
605 3016 699 3078 etiam
711 3020 820 3079 contra
841 3014 1064 3094 proferentem,
1080 3011 1121 3074 oh

187 3110 479 3190 praeumptionem
501 3129 596 3190 quam
623 3129 679 3189 pro
707 3129 739 3171 sc
758 3109 876 3170 hahent
902 3107 979 3168 talia
1006 3107 1123 3166 instru-

188 3206 317 3280 menta,
349 3203 519 3282 quinetiam
543 3204 783 3285 protocollum,
823 3201 848 3262 si
877 3200 989 3262 notarii
1025 3217 1121 3259 manu

188 3294 338 3374 scriptum
350 3295 400 3372 sit,
412 3313 450 3356 ex
462 3296 625 3375 rogatione
639 3295 787 3376 partium,
802 3295 926 3376 plenam
938 3293 1035 3354 fidem
1047 3291 1122 3353 facit

188 3385 227 3448 de
238 3386 326 3462 actis,
347 3407 417 3466 quae
431 3406 469 3448 ex
492 3408 528 3450 eo
553 3391 644 3471 plene
659 3388 790 3470 intelligi
806 3391 939 3468 possunt
954 3388 1041 3468 (quia
1054 3404 1123 3448 ma-

187 3479 247 3542 trix
269 3480 358 3558 quasi
385 3485 440 3557 eet,
471 3501 526 3542 seu
549 3481 770 3564 archetypum,
801 3502 837 3544 ex
862 3501 925 3562 quo
948 3479 1122 3546 extrahitur
