2586 4020
514 296 554 342 or
573 297 712 364 romeus.
884 285 887 294 '
1031 281 1088 344 tot

158 437 372 501 cstsententie
385 437 529 518 partibus
540 439 735 520 litigantibus
749 440 789 502 sd
801 457 872 502 cem
889 437 1089 515 audiendam,

55 541 68 564 ⁰
159 532 212 595 vel
229 531 313 592 trina
328 531 487 611 citatione,
508 533 559 594 vel
577 552 642 594 una
660 533 873 612 peremptorie
892 531 1005 607 citetis,
1021 548 1094 592 oum

159 624 346 704 illiquorum
356 625 487 700 interest
499 625 1034 706 audire-judicatum,debeantesse,
1044 623 1095 684 vel

160 734 247 793 vere,
264 716 559 796 velinterpretstive
572 722 753 796 praesentes,
776 717 884 797 quales
902 715 1012 778 heberi
1031 732 1094 776 non

158 811 303 890 possunt,
320 810 347 869 si
361 811 445 872 citeti
460 829 522 871 non
539 810 669 888 fuerint,
682 813 714 872 et
728 809 953 873 contumaciter
964 807 1069 870 absint
1085 825 1091 867 :
1144 858 1154 870 .

160 899 222 962 nisi
241 900 360 962 fectum
376 902 416 963 sit
436 902 604 981 notorium,
622 903 667 965 ite
680 906 715 964 ut
733 921 786 964 reo
802 903 887 964 nulle
906 899 1094 962 defensionis

162 1010 258 1056 causa
272 999 440 1073 competat.
456 995 488 1058 Si
502 999 607 1058 temen
620 995 759 1076 legitime
778 995 890 1058 citatus
905 993 946 1055 ad
965 992 1096 1054 audien-

162 1087 238 1147 dam
260 1087 448 1150 sententiam
469 1107 507 1148 ex
516 1088 602 1170 jueta
618 1088 757 1168 quidam,
773 1088 829 1149 sed
839 1087 938 1168 judici
950 1086 1095 1166 ignorate

163 1196 260 1240 causa
277 1179 367 1258 ebsit,
384 1184 470 1242 tenet
493 1181 620 1260 quidem
638 1180 804 1254 sententies
821 1198 857 1242 eo
881 1179 1009 1242 absente
1032 1179 1096 1238 lata

162 1274 353 1333 retractetur
372 1275 488 1350 temen,
509 1273 533 1334 si
548 1273 725 1353 legitimum
745 1272 894 1335 absentiae
912 1289 977 1333 suae
998 1269 1096 1350 impe·

42 1385 50 1392 ’
164 1363 548 1444 dimentnmpostmodum
560 1366 683 1446 probet,
698 1368 753 1426 aut
765 1365 877 1443 probet
889 1382 959 1424 earn
976 1382 1014 1424 ex
1034 1361 1095 1422 elio

166 1456 270 1534 nepita
283 1457 424 1538 iniquam
435 1457 542 1536 fuisse,
559 1462 594 1520 ut
603 1477 642 1518 ne
654 1477 727 1519 rens
738 1457 852 1539 injuste
864 1459 1024 1536 gravetur.
1143 1481 1145 1486 ·

206 1549 367 1627 Secundo,
385 1551 516 1613 ferenda
535 1553 582 1612 cst
604 1551 759 1614 sententia
772 1567 844 1612 oum
865 1567 968 1610 censae
988 1546 1097 1628 cogni-

164 1641 261 1718 tione,
279 1645 310 1704 et
323 1644 454 1704 servetis
469 1662 488 1704 a
494 1643 565 1724 jure
574 1643 764 1724 prescriptis
777 1641 1035 1719 solemnitatibus,
1053 1640 1098 1702 ita

164 1739 200 1796 ιιι
214 1734 309 1796 etiarn
320 1737 469 1800 Summus
485 1736 628 1798 Pontifex
646 1736 678 1798 in
700 1735 802 1798 causis
821 1733 1001 1797 decidendis
1017 1732 1097 1814 juris

167 1827 310 1890 ordinem
324 1847 450 1892 servare
464 1829 580 1891 debeat
590 1829 748 1909 (equitate
763 1827 823 1890 hoc
840 1827 996 1908 exigente,
1010 1830 1042 1888 et
1056 1824 1097 1886 ad

167 1918 245 1982 alios
256 1919 580 2006 judieesreduudente
589 1920 756 2000 exemplo),
766 1921 824 1986 nisi
835 1918 1032 1981 consideratu
1045 1935 1097 1978 ne

166 2012 331 2090 cessitate,
356 2014 406 2075 vel
432 2015 565 2076 utilitate
589 2013 810 2094 dispensative,
826 2011 916 2074 aliter
940 2010 1098 2090 agendum

165 2105 420 2184 putet'Pontifex,
436 2107 526 2187 eujus
539 2105 724 2185 plenitudini
737 2105 815 2169 nihil
830 2104 934 2166 obstat
944 2103 997 2184 jus
1011 2122 1098 2165 mere

165 2197 334 2277 positivum
348 2199 532 2261 humanum.

207 2291 324 2369 Tertio,
340 2292 433 2354 debet
450 2291 524 2353 ferri
544 2291 699 2352 sententia
712 2289 873 2353 definitive
887 2307 976 2368 pure,
993 2292 1026 2350 et
1036 2307 1098 2351 ιιοιι

167 2384 226 2446 sub
254 2384 447 2458 conditione3
473 2403 531 2463 per
557 2385 639 2444 hanc
659 2382 790 2444 enimsi
819 2381 954 2448 conditio
973 2380 1100 2462 proprie

165 2475 250 2540 diota
270 2477 435 2555 defutura,
457 2483 488 2538 et
509 2477 686 2539 extrinseca
712 2479 805 2554 esset,
834 2492 897 2538 ιιοιι
919 2473 1101 2536 definiretur

110 2595 112 2599 ·
167 2569 329 2650 proposita
342 2571 566 2646 controversie,
583 2569 639 2630 scd
656 2571 798 2632 maneret
811 2585 973 2648 suspensa.
988 2569 1102 2630 Faten-

167 2667 341 2722 turtemen
355 2664 393 2724 A.
409 2665 447 2725 A.
462 2662 536 2726 ferri
551 2661 679 2742 quidem
695 2680 766 2723 eam
780 2663 839 2724 sub
852 2662 909 2723 tali
918 2661 1100 2724 conditione
1150 2688 1154 2694 =
1261 2663 1264 2670 '

169 2771 234 2834 ιιοιι
251 2753 378 2832 debere,
398 2754 495 2816 letsm
510 2761 616 2816 tamen
630 2757 748 2833 tenere,
764 2773 907 2835 comper
922 2753 1102 2835 appellatio-
1203 2817 1207 2824 ,

169 2847 218 2908 nis
229 2847 405 2931 remedium
419 2847 533 2927 corrigi
551 2846 660 2926 possit.

132 2997 136 3004 .
210 2941 263 3004 lv.
285 2939 331 3001 De
342 2940 409 3002 ulios
426 2939 572 3002 modullis
582 2939 792 3002 conditionibus
804 2939 962 3020 requisitis
975 2939 1017 3001 ad
1027 2959 1103 3002 sen-

171 3033 313 3110 tentiam,
327 3033 430 3113 etubi,
443 3032 649 3113 ecquomodo
661 3032 1105 3095 ecferendasittsmibioem

172 3126 299 3204 debore,
313 3132 344 3187 et
361 3132 472 3206 postea
482 3145 520 3186 ex
534 3125 650 3205 scripto
665 3125 788 3206 abipso
801 3125 908 3207 judice
917 3125 1058 3204 recitari,
1073 3127 1106 3187 et

173 3218 311 3281 sedendo
331 3238 395 3280 nou
408 3219 521 3282 stando
535 3218 668 3298 proferri
683 3222 833 3282 statutum
845 3219 979 3282 hahetur
992 3219 1105 3301 injure

173 3314 253 3393 (tum
263 3313 419 3376 utveritus
429 3313 590 3375 sententiae
602 3312 751 3376 occultari
762 3313 941 3393 nonpossit,
954 3313 979 3375 si
989 3313 1105 3393 scripto

174 3424 237 3468 non
257 3406 392 3484 feratur,
415 3409 483 3470 tum
505 3408 541 3468 ut
560 3404 621 3486 ipsi
640 3406 807 3469 rmntentiae
831 3412 862 3470 et
878 3406 979 3488 judici
994 3407 1106 3470 ferenti

169 3498 276 3582 major
300 3499 477 3564 reverentia
496 3497 690 3580 deferatur),
715 3498 778 3564 nisi
803 3499 881 3565 levis
904 3503 1047 3580 tantum,
1075 3502 1107 3564 ct
