2584 4022
152 213 155 220 ’
188 199 234 290 ,70
390 215 619 266 rrsrlmrrcrss
639 217 721 266 rums
743 214 896 264 carcium.

191 361 477 439 idonei,etfideles,
488 380 552 424 non
561 363 705 425 conducti
714 361 1007 442 pretinssensentur
1017 364 1122 423 autem

191 453 309 533 idonei,
327 454 380 536 qui
396 473 454 533 per
468 473 604 518 canones
618 457 669 517 vel
686 456 773 534 legas
792 472 854 516 non
870 455 1017 514 arcentur
1030 473 1049 515 a
1061 457 1123 516 tes·

191 545 321 611 timonio
336 547 477 624 ferendo,
504 551 536 610 et
551 549 737 630 plerumque
753 546 899 609 dicuntur
914 546 998 608 omni
1014 565 1123 626 excep-

191 640 276 704 tione
291 640 437 722 meJ'crcs
456 639 578 702 Fideles
589 647 694 704 autem
704 641 754 703 hic
765 640 912 703 dicuntur
924 639 980 716 illi,
996 639 1049 720 qui
1060 638 1122 703 lide

186 733 279 814 'digni
294 740 377 811 sunt,
395 737 426 795 et
440 752 459 794 e
472 733 612 796 moribus
627 735 762 815 probati,

232 827 336 888 Pretio
354 826 500 889 conducti
512 831 677 890 censentur
689 827 743 904 iili,
757 825 869 907 quibus
879 843 935 904 pro
945 824 1122 888 testimonie

191 918 322 982 ferendo
338 919 483 998 pecunia,
497 939 527 982 v.
546 939 595 1000 g.,
611 921 705 982 etiam
720 918 914 999 conpetenti
930 918 1033 981 oblata
1052 917 1119 980 tuit.

231 1011 444 1074 Prohibentur
455 1015 562 1074 eutem
576 1013 615 1075 de
625 1013 708 1094 J'ure,
724 1029 784 1094 quo
796 1011 899 1072 minus
909 1010 1121 1073 testimonium

191 1104 603 1184 simplicitcrferrepcssint,
619 1107 721 1186 primo
729 1104 992 1184 irnpubercS,sive
1000 1103 1119 1182 pupilli,

192 1197 247 1280 qui
262 1198 302 1260 cb
322 1197 538 1261 infirmitatem
556 1197 666 1279 judicii
688 1197 866 1259 absolutes
887 1197 1064 1259 testimonie
1079 1197 1121 1257 fe-

191 1291 289 1353 rendo
304 1290 512 1352 excluduntur
527 1291 668 1371 (excepte
688 1289 816 1352 crimine
828 1290 910 1350 iaesae
923 1289 1118 1368 majestatis),

193 1385 337 1466 quamvis
349 1383 484 1464 puberes
496 1384 569 1446 iacti
588 1385 627 1444 de
639 1383 710 1460 illis,
730 1399 800 1463 quae
811 1385 952 1461 tempure
965 1381 1119 1461 impuber-

191 1477 276 1554 tatis,
293 1495 365 1538 cum
386 1477 608 1540 discretionem
618 1475 686 1556 jam
700 1475 863 1552 haberent,
877 1475 1032 1551 viderunt,
1047 1493 1119 1554 pos·
1175 1551 1178 1558 .

195 1569 257 1631 sint
266 1569 384 1632 testari.
403 1570 560 1646 Secundo,
574 1568 782 1632 excluduntur
792 1567 910 1645 furiosi,
928 1567 1001 1648 quia
1014 1570 1118 1628 mente

193 1664 311 1739 carent,
324 1661 368 1723 ita
382 1664 417 1722 ut
430 1680 532 1742 neque
541 1663 580 1723 de
589 1661 650 1722 illis
662 1661 767 1723 testari
779 1660 909 1741 possint,
926 1678 996 1741 quac
1005 1659 1119 1721 furoris

192 1755 334 1833 tempore
355 1753 570 1834 contigerunt,
595 1753 737 1834 quemvis
752 1753 840 1816 adse
854 1753 1053 1832 postmodum
1069 1771 1120 1814 re-

194 1847 319 1920 dierint,
331 1846 449 1924 Tertio,
463 1846 671 1908 excluduntur
684 1846 872 1926 regulariter
886 1847 971 1924 caeci,
980 1846 1122 1925 quianon

193 1939 309 2002 suffieit
331 1957 457 2018 semper
474 1939 507 2000 in
526 1943 605 2001 teste
627 1937 666 2000 de
682 1938 789 2002 auditu
803 1937 1020 2015 tantum,=sed
1040 1954 1123 2017 saepe

194 2031 288 2094 debet
303 2029 341 2091 dc
359 2031 428 2092 visu
446 2032 624 2110 deponere,
645 2031 705 2092 nisi
719 2032 794 2094 talia
814 2035 935 2109 essent,
953 2029 991 2092 de
1011 2031 1123 2113 quibus

192 2122 353 2186 testificari
380 2123 488 2202 debet,
514 2143 584 2204 quae
606 2143 669 2186 nun
694 2125 780 2202 visu,
809 2125 864 2187 sed
888 2124 997 2186 auditu
1022 2124 1124 2204 perci-

192 2215 332 2296 piuntur.
342 2217 470 2292 Quarto,
485 2217 693 2282 excluduntur
703 2217 792 2296 muti,
801 2221 832 2280 et
841 2217 926 2278 surdi
939 2217 1041 2294 simul,
1050 2216 1123 2297 quia

192 2327 256 2372 uon
276 2314 406 2389 possunt
429 2309 525 2372 animi
543 2310 590 2372 sui
611 2329 738 2374 sensum
757 2309 920 2374 commode
935 2311 1119 2388 exprimere.

194 2402 319 2479 Quinto,
336 2421 400 2466 nun
419 2403 628 2467 admittuntur
656 2405 697 2465 ad
720 2403 934 2467 testimouium
958 2401 1122 2463 ferendum

192 2493 276 2552 servi
299 2494 405 2556 stricte
420 2495 495 2556 dicti
516 2496 567 2574 (ne
583 2515 621 2556 cx
640 2498 727 2559 metu
741 2497 940 2558 dominorum
959 2495 1122 2558 veritatem

193 2581 294 2660 magis
304 2584 511 2661 supprimant,
522 2603 618 2664 quam
626 2588 793 2667 aperiant),
806 2589 865 2650 nisi
875 2589 907 2649 in
920 2589 1056 2668 exceptis
1066 2586 1121 2649 cri·

192 2672 339 2750 minibus
353 2673 386 2734 in
397 2673 510 2754 quibus
523 2677 619 2737 etiam
631 2677 785 2740 inhabiles
794 2682 889 2742 testes
903 2681 1119 2756 admittuntur,

190 2765 336 2846 quamvis
351 2784 414 2828 non
426 2767 489 2829 sint
503 2768 587 2830 omni
604 2771 786 2849 exceptione
799 2771 946 2852 majores.

232 2861 298 2922 XII.
316 2862 381 2939 An,
398 2863 430 2923 et
449 2880 511 2942 que
524 2861 646 2924 ratione
662 2861 802 2942 infames,
815 2864 973 2942 criminosi,
985 2865 1120 2946 perjuri,

192 2953 321 3016 accusati
329 2952 364 3015 de
377 2953 508 3033 crimine,
522 2955 569 3018 ccl
581 2956 823 3018 excommunicati
830 2958 1021 3036 repellantur
1033 2962 1122 3020 ates-

191 3047 322 3109 timnnic
337 3047 468 3110 dicende
482 3048 513 3110 in
520 3049 797 3130 judicioilntames
809 3050 936 3112 infamia
945 3051 1025 3130 juris
1034 3051 1121 3110 inha-

193 3138 272 3200 biles
284 3147 357 3202 sunt
369 3142 410 3202 ad
420 3143 632 3205 testimouium
648 3143 808 3224 injudicio
821 3143 996 3219 ferendum,
1009 3146 1075 3204 tam
1089 3141 1121 3202 in

195 3231 419 3312 criminalibus,
431 3254 526 3316 quam
539 3235 695 3312 civilibus3
706 3255 778 3299 cum
791 3237 874 3298 enim
883 3235 1052 3297 infamibus
1062 3235 1123 3298 sint

193 3322 350 3387 interdicti
374 3331 461 3390 actus
475 3328 625 3408 legitimi,
641 3330 854 3393 testimenium
871 3332 975 3391 autem
995 3329 1077 3393 ferre
1090 3329 1121 3388 in

190 3413 309 3498 judicic
324 3415 406 3483 inter
421 3423 509 3484 actus
523 3422 679 3503 legitimos
698 3427 878 3504 reputetur,
896 3425 1123 3504 consequenter
