2586 4020
399 303 441 350 nn
463 301 601 351 urrunno
622 301 773 350 rccrusrn
794 303 901 351 srnru.
1057 289 1114 351 {83

75 483 78 490 v
184 448 242 513 nisi
257 449 461 513 exorbitando
481 466 500 509 a
518 446 642 529 juribus
661 446 719 508 sihi
736 447 1002 528 competentibus,
1017 447 1113 526 irnpe-

183 544 298 605 diendo
309 542 477 605 terminum
486 540 617 603 aelionis
632 539 789 601 Ecclesiae.

222 635 398 698 Consimilis
409 633 585 695 consecutio
601 633 779 711 argumenti
788 651 850 693 non
860 636 945 694 leuci
958 651 1014 712 pro
1027 632 1113 712 prin-

183 727 260 807 cipis
270 717 453 789 auctoritaie
469 725 510 786 ad
520 725 639 786 honum
653 725 836 803 temporale,
853 725 927 804 quia
941 726 1015 787 licet
1026 728 1113 786 utre-

183 839 243 901 que
257 824 396 900 potestas
409 817 624 897 independens
639 817 670 877 in
690 817 800 878 ordine
819 835 892 895 suo,
914 817 990 879 ordo
1005 820 1111 879 temen

181 914 274 974 unius
300 910 388 973 alteri
413 910 589 991 praevalel:
617 909 701 970 unde
724 911 876 971 terminus
902 909 1032 973 actionis
1053 911 1112 970 Ec-

182 1005 283 1067 clesiae
297 1009 344 1066 est
358 1004 481 1065 initium
493 1001 664 1083 juridicum
677 1002 808 1064 actionis
824 1006 940 1076 slatus;
964 1021 1026 1064 non
1042 1002 1109 1063 vice

182 1116 283 1159 versa.

216 1192 316 1251 'Porro
340 1186 586 1266 independentis
604 1187 753 1266 principis
774 1188 807 1248 in
832 1187 942 1250 ordine
963 1205 1020 1249 suo
1046 1206 1109 1249 non

178 1281 305 1343 laedilur
327 1280 451 1360 quando
480 1279 541 1359 legi
569 1279 687 1340 altioris
712 1279 830 1342 ordinis
862 1278 1027 1360 subjacet,
1053 1281 1109 1342 sed

180 1373 306 1455 qnando
316 1371 812 1453 subjecclsuperiorilegislationi
829 1372 969 1453 ejusdem
978 1372 1105 1435 ordinis.

180 1466 242 1528 Sed
257 1466 326 1545 ipse
334 1464 466 1545 qualitas
477 1463 594 1526 ordinis
607 1464 716 1526 definit
723 1465 837 1526 limites
845 1466 927 1526 inira
935 1483 1013 1545 quos
1021 1465 1108 1527 inde-

157 1583 160 1588 ¹
179 1557 353 1638 pendenter
363 1575 396 1618 se
409 1560 532 1636 gerunt.

115 1724 123 1736 Ι
215 1653 249 1712 ·l⁰
264 1652 327 1712 Nec
351 1649 437 1710 dicas
459 1649 503 1711 sic
519 1648 588 1710 deri
599 1650 745 1728 potestati
765 1648 984 1712 ecclesiasticus
1001 1650 1107 1732 dispo-

172 1742 248 1805 ·silio
260 1741 567 1822 temporalium‚quae
582 1745 629 1803 est
641 1743 771 1821 proprie
782 1742 941 1822 principis.
958 1743 1106 1824 Princeps

179 1835 263 1896 enim
272 1834 324 1915 jus
345 1833 441 1895 hebet
454 1833 640 1912 disponendi
656 1835 696 1894 de
710 1835 935 1913 temporalibus
943 1835 994 1898 sui
1004 1839 1106 1897 elutus

173 1927 330 1988 inordine
345 1927 386 1988 ad
408 1927 504 1986 finem
530 1925 604 1987 boni
627 1926 758 2005 publici,
776 1932 929 2006 quatenus
950 1927 1104 2006 superiori

171 2017 245 2101 iure
257 2037 322 2081 non
334 2019 548 2099 prohiheolnr.
565 2020 612 2080 lle
624 2019 719 2080 habel
731 2019 863 2080 limitem
875 2037 966 2100 aquo
976 2019 1106 2100 incipiat

176 2116 208 2174 et
221 2111 356 2192 inquom
371 2110 503 2172 desinet.
516 2111 655 2172 Ecclesia
668 2129 732 2172 non
747 2110 884 2190 disponit
897 2113 1104 2191 delempora·

175 2203 267 2280 libus,
282 2207 314 2266 el
327 2202 469 2264 civilibus
484 2201 516 2264 in
527 2203 637 2265 ordine
649 2202 690 2263 ad
704 2204 800 2264 finem
812 2203 888 2264 boui
905 2205 1098 2283 teupernus,

168 2297 230 2358 sed
245 2296 289 2358 sic
306 2293 438 2357 limitem
451 2295 530 2375 ogit.
1111 2365 1115 2372 ι

212 2394 245 2451 2⁰
259 2391 323 2452 Nec
333 2389 418 2450 dices
430 2388 611 2450 conturbari
627 2387 769 2450 ordinem
778 2391 811 2451 et
830 2388 990 2451 vinculum
1002 2390 1100 2472 ipsius

173 2481 331 2544 socielslis
345 2481 443 2542 civilis
458 2481 622 2544 eximendo
634 2482 719 2544 eires
733 2485 764 2544 el
777 2483 871 2545 bone.
893 2484 1003 2546 Clerici
1014 2484 1100 2546 enim

172 2578 302 2636 manent
325 2575 409 2636 cives
433 2573 514 2634 civili
540 2573 601 2653 legi
630 2574 781 2656 subjecli;
808 2577 892 2637 bona
917 2583 1046 2638 monent
1067 2576 1099 2637 in

170 2667 334 2748 republica
352 2666 426 2728 lieet
446 2666 654 2746 privilegiato.
682 2668 769 2730 Sicut
790 2687 853 2731 non
875 2675 1054 2748 repugnant
1067 2669 1098 2730 in

172 2760 320 2822 societate
336 2759 417 2821 civili
430 2758 594 2838 privilegia
608 2761 715 2823 favore
725 2762 881 2824 bonorum
892 2763 941 2822 vel
952 2779 1099 2840 persone-

170 2871 242 2914 rum
256 2851 395 2929 inducto,
406 2849 451 2912 sic
464 2870 521 2913 nec
534 2851 713 2933 hujusmodi
732 2853 956 2932 exemptiones.
974 2855 1021 2915 lta
1034 2854 1100 2932 pri-

172 2944 288 3026 vilegio
298 2962 515 3024 personarum,
529 2943 674 3022 militum,
694 2945 889 3024 optimatum.

211 3039 277 3101 llll.
292 3040 382 3100 Esset
395 3036 446 3100 hic
464 3038 551 3099 locus
563 3035 766 3099 discutiendae
779 3038 905 3099 alterius
919 3037 1098 3118 quaeslionis

170 3129 210 3194 do
223 3137 366 3212 potestate
383 3130 537 3208 indirecto,
555 3147 650 3210 quam
664 3129 775 3190 mediis
789 3130 962 3210 praeserlim
976 3131 1098 3192 surculis

165 3221 473 3286 RomaniPonlifices
481 3229 686 3285 exercuerunt
694 3240 787 3301 super
795 3223 937 3303 imperia,
946 3223 1095 3287 solvendo

168 3315 440 3400 populosodehito
449 3315 635 3379 obedientiae
646 3315 896 3396 crgnprincipes,
908 3316 1094 3396 deponendo

168 3409 326 3492 principes
335 3409 375 3471 ob
389 3406 532 3489 imperio,
546 3409 695 3490 erigendo
711 3427 794 3472 nove
803 3427 911 3490 regna.
1142 3486 1152 3498 α

209 3502 369 3586 Angustiae
382 3503 532 3594 temporis
546 3521 608 3566 non
621 3501 728 3568 sinunt
738 3501 792 3568 diu
802 3503 833 3566 in
848 3504 907 3566 heo
923 3503 1093 3588 questione
