2586 4020
542 247 581 294 nu
601 247 740 297 ruo1ons.
1054 223 1111 300 itt

192 423 197 430 ·
223 387 1113 474 Debet-tamenjuramentumpraestitumcireamateriam

177 481 269 564 juris,
284 483 334 546 vel
348 484 432 546 circa
451 503 489 546 ea
499 505 569 566 qnae
576 486 629 566 jus
642 491 845 566 concernunt,
858 487 988 566 intelligi
1003 507 1113 550 secun-

182 575 257 636 dum
269 576 348 656 juris
364 579 539 639 communis
560 579 806 658 dispositionem,
833 583 864 640 et
882 581 923 641 ad
943 581 1028 641 illam
1049 600 1112 663 res

180 668 288 748 iringi,
306 687 408 749 neque
421 671 504 734 ultra
519 673 656 749 extendi,
675 691 747 734 oum
760 673 891 734 intentio
902 673 1037 753 jurantis
1052 673 1113 734 alia

180 779 320 822 essenon
336 763 483 840 potuerit,
499 783 594 843 quam
605 765 685 844 J'uris
696 766 869 826 communis
882 765 1069 828 observatio.
1119 755 1121 758 ’

221 855 380 916 Generalis
397 862 428 917 et
450 857 569 935 optime
581 859 692 938 regula
711 861 768 935 est,
795 859 880 938 quod
896 859 1112 939 juramentum

179 947 345 1010 bonafide
370 949 545 1027 praestitum
569 950 840 1028 interpretandum
858 952 898 1012 sit
913 950 1111 1034 juxtainten-
1195 971 1197 977 ·

178 1040 298 1102 tionem
319 1040 471 1122 jurantiS,
494 1048 524 1103 et
543 1043 584 1102 ad
598 1043 757 1123 incognita
767 1044 897 1125 juranti,
914 1044 965 1104 vel
979 1044 1018 1104 de
1042 1044 1112 1124 qui-

178 1132 238 1194 bus
252 1151 327 1194 vero
347 1133 489 1196 similiter
501 1154 564 1197 uon
579 1136 737 1216 cogitavit,
755 1156 857 1217 neque
870 1137 928 1199 sub
939 1136 1110 1217 juramenti

179 1226 369 1306 obligatione
377 1227 409 1288 in
421 1246 454 1288 se
467 1229 624 1307 suscipere
632 1229 791 1308 voluisset,
804 1229 1036 1292 extendendum
1047 1247 1111 1290 non

94 1371 99 1380 .
179 1319 229 1382 sit.

222 1415 307 1476 Solet
324 1414 452 1494 quidem
472 1414 630 1476 ordinarie
652 1415 747 1478 etiam
766 1403 832 1478 dici
851 1414 935 1494 quod
951 1413 1110 1496 juramen-

178 1507 402 1570 tumsortiatur
416 1514 573 1586 naturam,
589 1512 620 1572 et
630 1508 824 1571 conditiones
839 1509 927 1569 actus
943 1507 1114 1592 cuiadjun7

177 1599 271 1678 gitur,
280 1604 311 1660 et
318 1598 409 1680 juxta
418 1599 497 1678 illas,
510 1601 805 1682 sitintelligendum,
814 1618 887 1662 cum
900 1599 1110 1662 accessorium

176 1695 326 1772 sequatur
339 1697 484 1754 naturam
496 1694 687 1774 principalis.

182 1817 185 1824 ·
217 1787 306 1865 Saepe
320 1789 427 1848 tamen
441 1804 505 1847 non
517 1790 583 1848 tam
603 1786 814 1849 accessorium
834 1787 1049 1867 juramentum
1064 1789 1111 1848 est

176 1878 365 1941 confirmans
380 1880 510 1958 praecise
525 1884 630 1942 actum
653 1880 704 1942 cui
719 1879 912 1960 adjungitur,
935 1878 990 1938 sed
1005 1896 1109 1958 perse

175 1977 260 2054 stans
274 1974 305 2033 et
317 1972 533 2053 principaliter
558 1973 783 2052 obligationem
802 1973 970 2048 inducens,
993 1988 1054 2052 quo
1076 1970 1110 2058 in

175 2082 248 2125 casu
260 2065 354 2128 etiam
368 2066 394 2126 si
406 2065 571 2144 promissio
582 2067 668 2127 nulla
682 2066 732 2144 sit,
748 2085 806 2128 sua
819 2069 926 2127 tamen
936 2063 1112 2150 juramenti

173 2161 220 2218 est
249 2157 408 2237 obligatio,
438 2162 468 2220 et
493 2163 723 2239 consequenter
751 2176 814 2219 non
840 2157 941 2218 induit
962 2160 1108 2218 naturam

174 2254 261 2311 actus
278 2250 330 2332 'cui
352 2251 535 2331 adjungitur
558 2272 565 2312 :
589 2269 753 2331 nunquam
766 2254 873 2312 temen
892 2250 936 2310 ita
952 2249 1107 2328 explican-

173 2343 249 2404 dum
262 2350 321 2422 est,
336 2348 370 2406 ut
384 2361 456 2406 cum
471 2344 598 2406 alterius
610 2344 699 2422 gravi
712 2343 909 2424 prejudicio,
921 2359 976 2402 seu
989 2341 1107 2402 incom-

172 2436 266 2498 modo
282 2436 409 2516 obliget,
431 2437 505 2516 quia
527 2437 589 2498 tale
601 2436 816 2517 juramentum
832 2438 879 2498 est
893 2437 1003 2496 contra
1014 2432 1107 2516 justi-

172 2529 260 2607 tiam,
269 2529 320 2609 jus
337 2530 463 2592 alterius
475 2530 614 2610 graviter
628 2531 757 2592 laedens.

213 2624 275 2684 XL.
302 2621 346 2683 De
375 2622 586 2686 conditionibus
616 2641 682 2706 quoe
711 2623 772 2704 ipso
786 2622 860 2704 jure
889 2623 976 2684 tacite
1008 2623 1107 2684 imant

164 2714 354 2794 juramentis,
382 2723 411 2776 et
433 2717 609 2798 pleramque
635 2716 886 2798 subintelligenda
909 2724 986 2778 sont.
1015 2716 1105 2788 Quod

134 2885 135 2888 Ἴ
166 2805 346 2888 juramento
378 2809 580 2888 promissorio
609 2811 704 2872 tacite
732 2810 878 2890 quaedam
908 2809 1107 2871 conditiones-

170 2902 334 2980 generales
351 2902 456 2980 insint,
480 2904 654 2964 secundum
670 2922 748 2982 quas
766 2901 913 2982 obligatio
932 2901 1105 2980 juramenti

171 2994 362 3056 attendenda
377 2998 434 3073 est,
448 3013 486 3055 ex
501 2995 591 3056 dictis
603 2995 670 3078 jam
688 2997 785 3074 patet,
795 2995 840 3055 ita
857 2997 963 3056 tameo
978 2998 1013 3053 ut
1023 2990 1102 3054 tales

171 3086 375 3166 conditiones,
401 3105 470 3167 quae
483 3091 592 3166 suapte
615 3091 728 3148 natura
744 3087 799 3148 tali
809 3087 989 3166 juramento
1008 3083 1102 3146 tacito

168 3178 285 3256 insunt,
316 3180 438 3242 etiamsi
458 3181 688 3259 exprimantur,
714 3197 776 3240 non
803 3178 921 3240 faciant
939 3177 1102 3258 juramen·
1137 3200 1139 3205 ·

168 3274 236 3333 tum
246 3271 506 3351 conditionatum,
519 3276 551 3334 et
562 3271 754 3352 particulari
763 3271 907 3352 praequio
917 3271 1098 3350 accipiatur.

209 3365 300 3426 'leles
315 3365 508 3429 conditiones
529 3369 601 3428 sunt
613 3365 730 3446 primo,
756 3366 784 3426 si
808 3371 951 3444 potuero,
974 3363 1100 3444 quiaad

168 3456 359 3537 impossibile
383 3477 475 3520 nemo
494 3463 597 3538 potest
617 3458 760 3539 obligari.
787 3458 950 3535 Secundo,
974 3457 999 3517 si
1015 3457 1098 3518 licite
