2584 4022
569 295 607 340 na
628 294 766 342 sumens.
1089 283 1127 342 tr

198 445 347 522 opponat,
364 456 532 520 quamnon
544 439 667 518 probat,
678 439 710 498 in
721 437 901 514 continenti,
919 439 969 500 vel
977 458 1127 520 expensas

158 611 160 616 ,
198 533 296 596 actori
311 531 432 593 solvere
448 531 615 608 tenebitur,
632 533 682 594 vel
694 532 719 592 si
733 550 795 593 non
815 532 923 611 possit,
940 532 1069 595 arbitrio
1078 532 1127 612 ju·

198 627 276 687 dicis
290 624 467 704 puniendus
481 613 538 701 est,
555 628 591 687 ut
602 643 640 684 ne
654 624 770 706 injuria
781 625 835 686 fiat
850 624 958 701 actori,
975 623 1126 704 quisnam

196 719 402 781 intentionem
416 717 571 796 probavit.

235 815 273 874 V.
300 809 444 884 Quomodo
456 810 589 871 citandos
599 810 639 871 sit
651 831 718 872 reus
728 818 885 872 contumace
897 809 1006 888 abacos,
1022 810 1048 872 si
1062 829 1125 872 non

196 904 386 983 reperiatur;
414 908 445 966 et
467 922 507 963 an
527 903 621 964 etiam
637 904 817 983 appellans,
836 907 867 965 et
880 903 1030 964 recedens
1052 907 1125 966 ante

195 997 382 1059 sententiam
394 996 597 1074 definitivam,
605 996 719 1058 iterum
731 997 817 1059 citari
832 997 946 1059 debeat
957 1017 964 1072 ;
981 1000 1011 1058 et
1020 999 1125 1062 utrum

195 1090 357 1170 appellans
372 1089 412 1150 ab
429 1089 665 1151 interlocutoria
688 1094 797 1168 postea
819 1089 918 1169 possit
938 1089 1125 1152 asententia

195 1182 356 1245 definitiva
378 1186 488 1244 contra
508 1201 541 1242 se
556 1183 620 1244 lata
634 1183 748 1243 iterum
765 1183 944 1263 appellare?
959 1183 1080 1246 Sufficit
1093 1183 1124 1243 in

194 1294 280 1353 casu,
293 1294 356 1356 quo
369 1275 576 1355 personaliter
589 1275 732 1337 citandus
742 1275 872 1354 reperiri
885 1294 949 1337 non
963 1279 1076 1355 potest,
1085 1276 1125 1337 ad

193 1369 416 1430 incurrendam
431 1367 672 1445 contumaciam,
689 1367 715 1430 si
737 1367 875 1429 edictum
890 1368 1044 1430 citationis
1057 1369 1126 1430 affi-

193 1467 287 1542 gatur
306 1462 338 1522 in
361 1460 493 1542 publicis
514 1461 613 1523 valvis
637 1460 794 1539 ecclesiae,
821 1462 872 1523 vel
893 1461 1002 1538 ouriae,
1019 1462 1069 1524 vel
1083 1461 1124 1522 ad

194 1553 322 1616 domum
337 1554 431 1632 illius,
451 1554 505 1615 ubi
520 1554 628 1616 solitus
651 1558 698 1617 est
711 1555 865 1617 hahitare.
886 1553 1015 1617 Etiamsi
1031 1553 1124 1618 unica
1178 1596 1181 1602 -

192 1651 315 1728 tantum
329 1646 542 1727 peremptoria
556 1646 661 1710 citatio
678 1647 781 1726 fuerit,
798 1647 825 1709 si
837 1651 943 1710 autem
957 1649 1069 1711 citatus
1082 1647 1123 1709 ad

192 1743 291 1802 totam
312 1758 439 1802 causam
453 1740 493 1802 ab
509 1739 753 1818 interlocutoria,
774 1744 829 1803 aut
843 1740 903 1804 alio
917 1743 1119 1821 gravamine,

192 1839 265 1894 ante
277 1833 463 1895 sententiam
476 1831 685 1911 definitivam,
702 1835 884 1912 recesserit,
902 1838 956 1896 aut
974 1835 1015 1896 ad
1029 1853 1122 1915 supe·
1217 1909 1220 1914 Ι

191 1915 307 1986 riorem
322 1926 538 2004 appellaverit,
553 1945 615 1988 nou
625 1927 719 1988 debet
732 1927 847 1990 iterum
859 1927 1034 1990 necessario
1045 1947 1064 1989 a
1072 1927 1121 2010 ju·

192 2018 261 2080 dice
282 2018 428 2081 interiore
451 2018 538 2080 citari
557 2020 598 2082 ad
622 2020 809 2082 sententiam
822 2021 1015 2085 definitivam
1035 2021 1122 2102 (quia

190 2129 249 2192 per
264 2111 505 2190 appellationem
525 2113 639 2190 talem,
658 2117 713 2176 aut
725 2133 884 2176 recessum
905 2116 998 2179 tacite
1009 2116 1120 2178 saltem

191 2207 300 2265 contra
312 2205 407 2268 talem
414 2203 554 2285 judicem
562 2206 775 2286 protestatur),
785 2207 843 2268 nisi
850 2209 1021 2286 appellans,
1031 2228 1062 2270 v.
1072 2227 1117 2287 3.,

189 2295 263 2358 facti
285 2297 441 2377 poenitens
456 2297 657 2377 appellationi
677 2301 787 2376 sponte
803 2299 1047 2376 renuntiaverit,
1065 2300 1120 2362 sed

188 2393 292 2468 potest
306 2390 347 2451 ad
363 2409 490 2452 causam
504 2389 729 2467 definiendam,
754 2409 790 2451 eo
804 2389 898 2451 etiam
918 2409 980 2452 non
1002 2391 1116 2470 citato,

187 2483 369 2570 procedere,
385 2484 410 2546 si
426 2503 521 2548 causa
537 2482 754 2564 appellationis
766 2483 929 2569 illegitima
939 2483 1043 2548 fuerit.

405 2726 408 2730 ,
520 2657 731 2718 oissmmno
750 2661 781 2719 o.

386 2822 426 2870 'DE
442 2825 548 2871 ACTORlS
568 2829 599 2870 ΕΤ
618 2829 661 2872 ltlil
678 2833 742 2874 Jllllli
756 2831 902 2876 rnoolnoo.

197 3029 202 3036 ,
225 2957 385 3041 Expeditis
397 2963 491 3026 variis
503 2966 727 3049 quastionihus
742 2985 812 3047 quae
827 2969 859 3028 in
868 2967 1022 3048 judicium
1036 2964 1113 3030 inci-

186 3049 260 3141 dere
271 3056 372 3119 solent
381 3061 412 3119 ct
422 3057 714 3138 dehentanthuam
725 3060 764 3120 ad
772 3079 900 3122 causam
908 3056 1113 3142 principalem

185 3147 380 3228 deveniotur,
398 3169 482 3212 nunc
495 3151 536 3212 ad
557 3152 639 3213 hanc
651 3152 752 3232 ipsam
765 3171 893 3214 causam
910 3155 1116 3235 principalem

183 3243 382 3320 tractandam
404 3244 638 3326 progredimur:
665 3263 794 3324 agemus
813 3265 888 3326 ergo
904 3269 911 3310 :
930 3251 962 3309 l⁰
984 3247 1023 3310 de
1036 3250 1116 3330 peti-

182 3333 268 3396 tione
291 3337 406 3400 actoris
421 3356 476 3398 seu
495 3339 534 3399 de
549 3337 802 3418 probationibus3
824 3343 855 3401 2⁰
871 3341 910 3402 de
932 3343 1114 3421 exceptione

185 3446 241 3492 rer.
