2584 4022
29 1369 34 1414 l

530 299 569 344 nn
593 297 731 346 sumens.
769 322 771 333 -
824 343 825 346 ,
1055 289 1093 349 37

164 438 270 501 videat
288 439 364 520 quid
385 440 426 503 ab
447 441 514 522 ipso
528 445 669 524 petatur,
684 447 775 528 etan
792 434 982 507 contendere
1004 443 1091 512 veli'..

164 533 219 594 Est
232 532 316 596 enim
327 533 461 614 libellus,
476 541 569 615 prout
591 537 734 599 hocloco
748 537 899 616 sumitur,
915 539 993 600 nihil
1007 539 1094 602 aliud

152 643 259 705 uuam
281 624 376 689 editio
395 628 525 690 actionis
542 630 654 692 futurae
673 629 737 691 litis
755 629 892 710 speciem
914 633 1079 694 continens

163 720 264 782 Debet
276 723 381 782 autem
400 719 451 783 hic
465 722 587 784 libellus
604 721 764 803 inscripto
780 724 904 802 offerri,
919 713 960 786 od
979 726 1094 789 multas

162 812 289 874 fraudes
297 814 464 889 cavendam
475 815 894 894 debetessebravis,tantum
902 819 1091 897 necessaria,

163 908 195 967 et
208 906 296 967 utilia
307 907 486 984 continens3
505 907 599 970 debet
613 927 680 970 asse
695 909 900 989 perspicuus,
921 913 952 972 et
971 912 1091 989 clarus,

163 1001 195 1060 et
204 997 275 1060 ideo
292 1018 354 1061 non
369 999 459 1062 facile
475 1001 649 1074 admittitur
660 1001 784 1064 libellus
800 1002 879 1064 alter
897 1020 1018 1082 novus,
1033 1003 1093 1066 nisi

163 1091 608 1172 propterprcbabiledubium
623 1094 722 1158 altera
732 1113 814 1156 nova
825 1095 934 1175 petitIo
949 1097 1094 1158 videatur

163 1185 376 1264 admittenda,
403 1186 444 1248 ad
468 1178 603 1250 eundem
623 1187 763 1250 fortassis
784 1190 879 1250 linem
899 1190 1093 1252 contendens

163 1276 258 1340 debet
278 1296 346 1340 esse
372 1279 549 1358 ordinatuS,
573 1280 634 1343 tria
648 1280 819 1344 continens
834 1301 840 1342 :
858 1282 959 1363 primo
975 1281 1095 1346 scilicet

163 1371 376 1434 narrationem
388 1373 477 1447 iacti3
498 1373 637 1435 secundo
656 1373 796 1435 medium
810 1375 1015 1438 concludendi
1027 1374 1092 1438 sive

159 1463 278 1544 justam
293 1482 421 1526 causam
435 1467 576 1544 petendi3
593 1465 685 1529 tertio
701 1465 835 1546 denique
855 1465 957 1547 ipsam
969 1467 1094 1547 petitio-

163 1574 251 1634 nem,
278 1560 309 1620 et
327 1557 471 1638 quamvis
495 1557 727 1639 principaliter,
749 1561 780 1621 et
802 1559 903 1638 primo
930 1559 1029 1640 J'udiei
1052 1561 1093 1624 sit

163 1649 340 1712 offerendus
354 1650 488 1730 libellus,
500 1651 595 1732 hujus
604 1654 710 1715 tamen
725 1651 816 1732 copia
830 1651 941 1716 saltem
954 1671 1092 1716 commu·

162 1741 259 1804 niceri
275 1743 369 1807 debet
381 1744 476 1806 etiam
486 1763 505 1806 a
515 1743 623 1826 judice
635 1744 716 1825 parti
732 1745 883 1822 adversae,
899 1745 940 1807 ob
953 1747 1091 1810 rationes

162 1835 275 1914 aaepius
286 1835 354 1916 jam
372 1838 492 1902 allatas,

201 1929 256 1991 Est
269 1935 375 1991 autem
385 1929 508 1991 libellus
521 1929 646 2010 duplex,
661 1931 907 1994 conventionalia
918 1949 973 1996 seu
983 1935 1091 2012 postu-

162 2020 296 2100 lationis,
310 2023 365 2102 qui
375 2021 407 2084 in
423 2023 524 2084 causis
539 2023 681 2087 civilibus
689 2025 829 2103 offertur,
842 2041 904 2106 qua
919 2044 986 2086 rem
1000 2025 1090 2089 nobis

162 2111 301 2178 debitam
315 2115 470 2196 petimus;
493 2119 524 2179 et
539 2117 773 2197 querimonialis
790 2136 845 2180 seu
860 2118 1088 2195 accusationis,

162 2207 215 2289 qui
229 2208 262 2268 in
272 2207 373 2271 causis
387 2209 599 2272 criminalibus
611 2210 792 2290 porrigitur.
805 2213 844 2272 Et
858 2212 1001 2292 quamvis
1015 2211 1089 2273 olim

162 2301 310 2363 incensis
331 2302 473 2364 civilibus
497 2302 536 2363 de
557 2303 628 2382 J'ure
650 2301 732 2363 civili
750 2302 880 2381 antiquo
896 2301 1090 2364 necessarius

161 2413 224 2457 noo
239 2395 332 2458 fuerit
343 2395 478 2473 libelluS,
495 2399 526 2456 et
541 2393 634 2456 hodie
650 2393 743 2456 etiam
759 2394 790 2454 in
804 2393 910 2454 multis
924 2394 1001 2454 locis
1016 2411 1091 2454 con-

146 2487 294 2550 suetudo
311 2477 459 2566 obtineat,
475 2492 511 2550 ut
522 2487 554 2548 in
564 2487 679 2567 scripto
691 2486 813 2548 libellus
823 2484 1017 2548 necessarius
1027 2503 1090 2546 non

161 2581 211 2659 sit,
226 2581 298 2644 viva
311 2600 388 2644 voce
403 2599 475 2644 suas
489 2581 654 2661 petitiones
670 2579 900 2660 proferentibus
913 2597 1021 2641 coram
1033 2597 1090 2640 no·
1180 2611 1188 2622 ·

161 2675 252 2753 tario,
269 2679 374 2737 actore
396 2681 427 2736 et
445 2693 511 2753 reo,
537 2675 577 2736 de
602 2674 717 2754 scripto
731 2676 836 2737 tamen
848 2672 920 2754 jure
936 2673 1088 2735 hodierno
1161 2685 1174 2695 ”

162 2769 416 2831 adsubstantiam
424 2765 589 2849 processus
596 2767 753 2848 judiciarii
763 2767 912 2830 ordinarii
920 2767 1090 2853 requiritur

161 2861 257 2925 libelli
273 2863 400 2940 oblatio,
414 2862 458 2924 uti
474 2861 631 2941 colligitur
644 2858 682 2922 ex
697 2879 724 2922 o.
740 2863 769 2940 l,
787 2860 818 2922 h.
836 2863 858 2922 t.
939 2873 941 2877 ·

194 2957 231 3018 ll.
243 2957 405 3029 Quomodo
413 2955 586 3036 formandos
593 2954 773 3032 sitlibellus,
782 2952 846 3015 sive
856 2969 924 3034 quae
932 2951 964 3013 in
971 2969 1008 3013 ec
1017 2968 1088 3012 con·

161 3049 253 3110 tineri
281 3048 441 3111 debeant?
458 3048 639 3110 Rectissime
667 3045 854 3107 formabitur
871 3045 994 3105 libellus
1015 3059 1089 3104 oon·

160 3143 358 3221 ventionalis,
370 3143 397 3204 si
404 3143 444 3204 sit
457 3143 548 3222 quasi
557 3139 756 3219 syllogismus
767 3137 879 3218 aliquis
889 3136 1046 3214 practicus
1059 3141 1090 3198 et

156 3235 334 3317 judicialis,
350 3235 403 3316 qui
417 3240 481 3300 tres
502 3237 608 3314 partes
621 3231 780 3294 contineat
795 3251 801 3292 :
818 3230 958 3291 medium
970 3230 1089 3302 scilicet

159 3330 225 3393 sive
242 3347 370 3393 oausam
385 3327 522 3410 petendi,
535 3328 603 3390 loco
619 3323 766 3404 majorim
778 3323 991 3386 narrationem
1001 3322 1086 3400 facti,

159 3423 228 3486 loco
244 3423 384 3501 minoris,
397 3427 428 3485 et
441 3422 609 3484 deductam
619 3419 731 3482 exinde
741 3417 934 3499 petitionem,
948 3437 1003 3480 sou
1017 3435 1088 3479 con-

160 3517 343 3596 clusionem,
357 3523 534 3597 exutraque
547 3515 643 3596 priori
654 3512 865 3602 propositione
877 3503 1086 3591 desumptam.
1213 3551 1216 3556 -

213 3641 276 3684 rou.
296 3641 334 3684 ru.
985 3620 999 3676 3
