<?xml version="1.0" encoding="UTF-8"?>
<!DOCTYPE html PUBLIC "-//W3C//DTD XHTML 1.0 Transitional//EN"
    "http://www.w3.org/TR/xhtml1/DTD/xhtml1-transitional.dtd">
<html xmlns="http://www.w3.org/1999/xhtml" xml:lang="en" lang="en">
 <head>
  <title>
</title>
<meta http-equiv="Content-Type" content="text/html;charset=utf-8" />
  <meta name='ocr-system' content='tesseract 3.04.00' />
  <meta name='ocr-capabilities' content='ocr_page ocr_carea ocr_par ocr_line ocrx_word'/>
</head>
<body>
  <div class='ocr_page' id='page_1' title='image "./institutionesju01marigoog_0230.png"; bbox 0 0 2578 4012; ppageno 0'>
   <div class='ocr_carea' id='block_1_1' title="bbox 405 229 1100 290">
    <p class='ocr_par' dir='ltr' id='par_1_1' title="bbox 405 229 1100 290">
     <span class='ocr_line' id='line_1_1' title="bbox 405 229 1100 290; baseline 0.009 -6"><span class='ocrx_word' id='word_1_1' title='bbox 405 238 444 284; x_wconf 84' lang='lat' dir='ltr'><strong>on</strong></span> <span class='ocrx_word' id='word_1_2' title='bbox 466 239 657 287; x_wconf 75' lang='lat' dir='ltr'><strong>ursnrncsro</strong></span> <span class='ocrx_word' id='word_1_3' title='bbox 677 242 869 289; x_wconf 77' lang='lat' dir='ltr'><strong>ormcnsouo.</strong></span> <span class='ocrx_word' id='word_1_4' title='bbox 1042 229 1100 290; x_wconf 68' lang='lat'><strong>223</strong></span> 
     </span>
    </p>
   </div>
   <div class='ocr_carea' id='block_1_2' title="bbox 103 381 1099 2951">
    <p class='ocr_par' dir='ltr' id='par_1_2' title="bbox 171 381 1099 726">
     <span class='ocr_line' id='line_1_2' title="bbox 172 381 1099 466; baseline 0.006 -25"><span class='ocrx_word' id='word_1_5' title='bbox 172 398 240 442; x_wconf 90' lang='lat' dir='ltr'><strong>rem</strong></span> <span class='ocrx_word' id='word_1_6' title='bbox 263 381 415 443; x_wconf 88' lang='lat' dir='ltr'><strong>vicarium</strong></span> <span class='ocrx_word' id='word_1_7' title='bbox 440 384 554 446; x_wconf 78' lang='lat' dir='ltr'><strong>rectori</strong></span> <span class='ocrx_word' id='word_1_8' title='bbox 575 385 720 465; x_wconf 88' lang='lat' dir='ltr'><strong>imperito</strong></span> <span class='ocrx_word' id='word_1_9' title='bbox 741 387 905 466; x_wconf 84' lang='lat' dir='ltr'><strong>deputare,</strong></span> <span class='ocrx_word' id='word_1_10' title='bbox 926 384 1099 450; x_wconf 86' lang='lat' dir='ltr'><strong>secuudum</strong></span> 
     </span>
     <span class='ocr_line' id='line_1_3' title="bbox 173 475 1096 559; baseline 0.004 -23"><span class='ocrx_word' id='word_1_11' title='bbox 173 475 307 536; x_wconf 85' lang='lat' dir='ltr'><strong>formam</strong></span> <span class='ocrx_word' id='word_1_12' title='bbox 340 478 410 537; x_wconf 90' lang='lat' dir='ltr'><strong>Sao.</strong></span> <span class='ocrx_word' id='word_1_13' title='bbox 445 479 541 556; x_wconf 75' lang='lat' dir='ltr'><strong>(long.</strong></span> <span class='ocrx_word' id='word_1_14' title='bbox 570 479 655 540; x_wconf 81' lang='lat' dir='ltr'><strong>Trid.</strong></span> <span class='ocrx_word' id='word_1_15' title='bbox 691 479 779 559; x_wconf 89' lang='lat' dir='ltr'><strong>(sess.</strong></span> <span class='ocrx_word' id='word_1_16' title='bbox 807 483 857 557; x_wconf 71' lang='lat'><strong>22,</strong></span> <span class='ocrx_word' id='word_1_17' title='bbox 885 478 920 540; x_wconf 89' lang='lat' dir='ltr'><strong>de</strong></span> <span class='ocrx_word' id='word_1_18' title='bbox 948 479 1096 558; x_wconf 77' lang='lat' dir='ltr'><strong>Reform,</strong></span> 
     </span>
     <span class='ocr_line' id='line_1_4' title="bbox 172 567 1099 652; baseline 0.006 -24"><span class='ocrx_word' id='word_1_19' title='bbox 172 586 242 647; x_wconf 89' lang='lat' dir='ltr'><strong>cap.</strong></span> <span class='ocrx_word' id='word_1_20' title='bbox 260 567 301 648; x_wconf 85' lang='grc'><strong>6).</strong></span> <span class='ocrx_word' id='word_1_21' title='bbox 318 571 426 649; x_wconf 83' lang='lat' dir='ltr'>Neque</span> <span class='ocrx_word' id='word_1_22' title='bbox 441 569 535 630; x_wconf 91' lang='lat' dir='ltr'><strong>etiam</strong></span> <span class='ocrx_word' id='word_1_23' title='bbox 549 575 652 649; x_wconf 89' lang='lat' dir='ltr'><strong>potest</strong></span> <span class='ocrx_word' id='word_1_24' title='bbox 666 572 785 652; x_wconf 88' lang='lat' dir='ltr'><strong>absque</strong></span> <span class='ocrx_word' id='word_1_25' title='bbox 805 571 932 651; x_wconf 90' lang='lat' dir='ltr'><strong>speciali</strong></span> <span class='ocrx_word' id='word_1_26' title='bbox 953 572 1099 634; x_wconf 90' lang='lat' dir='ltr'><strong>commis-</strong></span> 
     </span>
     <span class='ocr_line' id='line_1_5' title="bbox 171 660 831 726; baseline 0.009 -6"><span class='ocrx_word' id='word_1_27' title='bbox 171 660 258 722; x_wconf 88' lang='lat' dir='ltr'><strong>sione</strong></span> <span class='ocrx_word' id='word_1_28' title='bbox 273 680 471 722; x_wconf 89' lang='lat' dir='ltr'><strong>oeconomum</strong></span> <span class='ocrx_word' id='word_1_29' title='bbox 483 663 621 724; x_wconf 84' lang='lat' dir='ltr'><strong>ecolesiae</strong></span> <span class='ocrx_word' id='word_1_30' title='bbox 632 664 831 726; x_wconf 88' lang='lat' dir='ltr'><strong>constituere.</strong></span> 
     </span>
    </p>

    <p class='ocr_par' dir='ltr' id='par_1_3' title="bbox 103 755 1097 1012">
     <span class='ocr_line' id='line_1_6' title="bbox 212 755 1097 837; baseline 0.005 -23"><span class='ocrx_word' id='word_1_31' title='bbox 212 757 243 814; x_wconf 83' lang='lat'><strong>6⁰</strong></span> <span class='ocrx_word' id='word_1_32' title='bbox 264 755 371 833; x_wconf 84' lang='lat' dir='ltr'><strong>Neque</strong></span> <span class='ocrx_word' id='word_1_33' title='bbox 389 758 492 834; x_wconf 89' lang='lat' dir='ltr'><strong>potest</strong></span> <span class='ocrx_word' id='word_1_34' title='bbox 518 757 636 837; x_wconf 80' lang='lat' dir='ltr'>absque</span> <span class='ocrx_word' id='word_1_35' title='bbox 662 757 880 820; x_wconf 82' lang='lat' dir='ltr'><strong>commissione</strong></span> <span class='ocrx_word' id='word_1_36' title='bbox 902 757 1039 837; x_wconf 82' lang='lat' dir='ltr'><strong>aliquem</strong></span> <span class='ocrx_word' id='word_1_37' title='bbox 1057 757 1097 818; x_wconf 93' lang='lat' dir='ltr'><strong>ab</strong></span> 
     </span>
     <span class='ocr_line' id='line_1_7' title="bbox 172 846 1096 928; baseline 0.004 -20"><span class='ocrx_word' id='word_1_38' title='bbox 172 846 280 908; x_wconf 88' lang='lat' dir='ltr'><strong>ordine</strong></span> <span class='ocrx_word' id='word_1_39' title='bbox 299 847 456 927; x_wconf 81' lang='lat' dir='ltr'><strong>deponere</strong></span> <span class='ocrx_word' id='word_1_40' title='bbox 470 853 524 910; x_wconf 91' lang='lat' dir='ltr'><strong>aut</strong></span> <span class='ocrx_word' id='word_1_41' title='bbox 543 867 689 910; x_wconf 84' lang='lat' dir='ltr'><strong>amovere</strong></span> <span class='ocrx_word' id='word_1_42' title='bbox 707 867 726 910; x_wconf 85' lang='lat' dir='ltr'><strong>a</strong></span> <span class='ocrx_word' id='word_1_43' title='bbox 744 868 800 911; x_wconf 93' lang='lat' dir='ltr'><strong>suo</strong></span> <span class='ocrx_word' id='word_1_44' title='bbox 813 849 977 928; x_wconf 86' lang='lat' dir='ltr'><strong>beneficio,</strong></span> <span class='ocrx_word' id='word_1_45' title='bbox 993 851 1096 912; x_wconf 87' lang='lat' dir='ltr'><strong>officio</strong></span> 
     </span>
     <span class='ocr_line' id='line_1_8' title="bbox 103 940 513 1012; baseline 0.007 -13"><span class='ocrx_word' id='word_1_46' title='bbox 103 1003 110 1012; x_wconf 63' lang='grc'><em>,</em></span> <span class='ocrx_word' id='word_1_47' title='bbox 170 940 221 1001; x_wconf 85' lang='lat' dir='ltr'><strong>vel</strong></span> <span class='ocrx_word' id='word_1_48' title='bbox 234 940 513 1002; x_wconf 87' lang='lat' dir='ltr'><strong>administratione.</strong></span> 
     </span>
    </p>

    <p class='ocr_par' dir='ltr' id='par_1_4' title="bbox 164 1033 1097 2042">
     <span class='ocr_line' id='line_1_9' title="bbox 210 1033 1097 1113; baseline 0.006 -20"><span class='ocrx_word' id='word_1_49' title='bbox 210 1037 241 1093; x_wconf 82' lang='lat'><strong>7⁰</strong></span> <span class='ocrx_word' id='word_1_50' title='bbox 261 1036 369 1113; x_wconf 88' lang='lat' dir='ltr'><strong>Neque</strong></span> <span class='ocrx_word' id='word_1_51' title='bbox 383 1037 486 1112; x_wconf 90' lang='lat' dir='ltr'><strong>potest</strong></span> <span class='ocrx_word' id='word_1_52' title='bbox 500 1033 566 1094; x_wconf 90' lang='lat' dir='ltr'><strong>sine</strong></span> <span class='ocrx_word' id='word_1_53' title='bbox 575 1035 702 1113; x_wconf 90' lang='lat' dir='ltr'><strong>speciali</strong></span> <span class='ocrx_word' id='word_1_54' title='bbox 718 1034 936 1097; x_wconf 88' lang='lat' dir='ltr'><strong>commissione</strong></span> <span class='ocrx_word' id='word_1_55' title='bbox 949 1035 1097 1098; x_wconf 86' lang='lat' dir='ltr'><strong>ecclesias</strong></span> 
     </span>
     <span class='ocr_line' id='line_1_10' title="bbox 171 1125 1097 1208; baseline 0.003 -22"><span class='ocrx_word' id='word_1_56' title='bbox 171 1125 291 1187; x_wconf 87' lang='lat' dir='ltr'><strong>dirutas</strong></span> <span class='ocrx_word' id='word_1_57' title='bbox 317 1132 348 1186; x_wconf 91' lang='lat' dir='ltr'><strong>et</strong></span> <span class='ocrx_word' id='word_1_58' title='bbox 368 1130 522 1188; x_wconf 87' lang='lat' dir='ltr'><strong>vetustate</strong></span> <span class='ocrx_word' id='word_1_59' title='bbox 548 1128 721 1208; x_wconf 85' lang='lat' dir='ltr'><strong>collapsas,</strong></span> <span class='ocrx_word' id='word_1_60' title='bbox 750 1147 821 1208; x_wconf 85' lang='lat' dir='ltr'><strong>quoe</strong></span> <span class='ocrx_word' id='word_1_61' title='bbox 853 1129 893 1189; x_wconf 93' lang='lat' dir='ltr'><strong>ob</strong></span> <span class='ocrx_word' id='word_1_62' title='bbox 915 1128 1039 1190; x_wconf 89' lang='lat' dir='ltr'><strong>illarum</strong></span> <span class='ocrx_word' id='word_1_63' title='bbox 1065 1133 1097 1190; x_wconf 91' lang='lat' dir='ltr'><strong>et</strong></span> 
     </span>
     <span class='ocr_line' id='line_1_11' title="bbox 169 1219 1095 1300; baseline 0.002 -21"><span class='ocrx_word' id='word_1_64' title='bbox 169 1219 433 1300; x_wconf 89' lang='lat' dir='ltr'><strong>parochianorum</strong></span> <span class='ocrx_word' id='word_1_65' title='bbox 467 1220 606 1299; x_wconf 88' lang='lat' dir='ltr'><strong>inopiam</strong></span> <span class='ocrx_word' id='word_1_66' title='bbox 635 1227 795 1300; x_wconf 91' lang='lat' dir='ltr'><strong>nequeunt</strong></span> <span class='ocrx_word' id='word_1_67' title='bbox 829 1221 1025 1298; x_wconf 87' lang='lat' dir='ltr'><strong>restaurari,</strong></span> <span class='ocrx_word' id='word_1_68' title='bbox 1061 1221 1095 1281; x_wconf 92' lang='lat' dir='ltr'><strong>iu</strong></span> 
     </span>
     <span class='ocr_line' id='line_1_12' title="bbox 168 1312 1095 1390; baseline 0.002 -18"><span class='ocrx_word' id='word_1_69' title='bbox 168 1313 314 1372; x_wconf 86' lang='lat' dir='ltr'><strong>matrices</strong></span> <span class='ocrx_word' id='word_1_70' title='bbox 327 1312 459 1390; x_wconf 84' lang='lat' dir='ltr'><strong>erigere,</strong></span> <span class='ocrx_word' id='word_1_71' title='bbox 469 1313 519 1374; x_wconf 90' lang='lat' dir='ltr'><strong>vel</strong></span> <span class='ocrx_word' id='word_1_72' title='bbox 533 1313 565 1372; x_wconf 88' lang='lat' dir='ltr'><strong>io</strong></span> <span class='ocrx_word' id='word_1_73' title='bbox 575 1314 652 1374; x_wconf 87' lang='lat' dir='ltr'><strong>alias</strong></span> <span class='ocrx_word' id='word_1_74' title='bbox 662 1312 826 1374; x_wconf 82' lang='lat' dir='ltr'><strong>viciniores</strong></span> <span class='ocrx_word' id='word_1_75' title='bbox 837 1313 983 1376; x_wconf 85' lang='lat' dir='ltr'><strong>ccclesias</strong></span> <span class='ocrx_word' id='word_1_76' title='bbox 995 1318 1095 1377; x_wconf 88' lang='lat' dir='ltr'><strong>traus-</strong></span> 
     </span>
     <span class='ocr_line' id='line_1_13' title="bbox 168 1405 1095 1486; baseline 0.003 -21"><span class='ocrx_word' id='word_1_77' title='bbox 168 1405 265 1480; x_wconf 76' lang='lat' dir='ltr'><strong>ierre3</strong></span> <span class='ocrx_word' id='word_1_78' title='bbox 282 1423 383 1484; x_wconf 90' lang='lat' dir='ltr'><strong>neque</strong></span> <span class='ocrx_word' id='word_1_79' title='bbox 406 1411 528 1466; x_wconf 89' lang='lat' dir='ltr'><strong>mutare</strong></span> <span class='ocrx_word' id='word_1_80' title='bbox 549 1409 664 1468; x_wconf 91' lang='lat' dir='ltr'><strong>statum</strong></span> <span class='ocrx_word' id='word_1_81' title='bbox 687 1405 817 1486; x_wconf 85' lang='lat' dir='ltr'><strong>alicujus</strong></span> <span class='ocrx_word' id='word_1_82' title='bbox 830 1406 980 1483; x_wconf 88' lang='lat' dir='ltr'><strong>ecclesiae,</strong></span> <span class='ocrx_word' id='word_1_83' title='bbox 999 1406 1095 1468; x_wconf 89' lang='lat' dir='ltr'><strong>etiam</strong></span> 
     </span>
     <span class='ocr_line' id='line_1_14' title="bbox 167 1497 1094 1579; baseline 0.005 -23"><span class='ocrx_word' id='word_1_84' title='bbox 167 1497 199 1557; x_wconf 92' lang='lat' dir='ltr'><strong>in</strong></span> <span class='ocrx_word' id='word_1_85' title='bbox 228 1497 353 1559; x_wconf 80' lang='lat' dir='ltr'><strong>casibus</strong></span> <span class='ocrx_word' id='word_1_86' title='bbox 380 1497 550 1577; x_wconf 91' lang='lat' dir='ltr'><strong>inquibus</strong></span> <span class='ocrx_word' id='word_1_87' title='bbox 575 1502 679 1578; x_wconf 89' lang='lat' dir='ltr'><strong>potest</strong></span> <span class='ocrx_word' id='word_1_88' title='bbox 705 1499 884 1578; x_wconf 89' lang='lat' dir='ltr'><strong>episcopus;</strong></span> <span class='ocrx_word' id='word_1_89' title='bbox 915 1517 1019 1579; x_wconf 90' lang='lat' dir='ltr'><strong>neque</strong></span> <span class='ocrx_word' id='word_1_90' title='bbox 1043 1518 1094 1561; x_wconf 89' lang='lat' dir='ltr'><strong>res</strong></span> 
     </span>
     <span class='ocr_line' id='line_1_15' title="bbox 167 1591 1094 1668; baseline 0.002 -18"><span class='ocrx_word' id='word_1_91' title='bbox 167 1591 321 1668; x_wconf 86' lang='lat' dir='ltr'><strong>ecclesiae,</strong></span> <span class='ocrx_word' id='word_1_92' title='bbox 350 1594 405 1652; x_wconf 88' lang='lat' dir='ltr'><strong>aut</strong></span> <span class='ocrx_word' id='word_1_93' title='bbox 432 1591 464 1651; x_wconf 92' lang='lat' dir='ltr'><strong>in</strong></span> <span class='ocrx_word' id='word_1_94' title='bbox 490 1591 729 1654; x_wconf 80' lang='lat' dir='ltr'><strong>alienationibus</strong></span> <span class='ocrx_word' id='word_1_95' title='bbox 755 1609 811 1652; x_wconf 88' lang='lat' dir='ltr'><strong>seu</strong></span> <span class='ocrx_word' id='word_1_96' title='bbox 831 1591 1094 1653; x_wconf 76' lang='lat' dir='ltr'><strong>transactionibus</strong></span> 
     </span>
     <span class='ocr_line' id='line_1_16' title="bbox 167 1684 1094 1766; baseline 0.001 -23"><span class='ocrx_word' id='word_1_97' title='bbox 167 1684 464 1744; x_wconf 87' lang='lat' dir='ltr'><strong>earumdemrerum</strong></span> <span class='ocrx_word' id='word_1_98' title='bbox 483 1685 645 1746; x_wconf 90' lang='lat' dir='ltr'><strong>decretum</strong></span> <span class='ocrx_word' id='word_1_99' title='bbox 663 1685 877 1764; x_wconf 87' lang='lat' dir='ltr'><strong>interponere;</strong></span> <span class='ocrx_word' id='word_1_100' title='bbox 894 1702 996 1766; x_wconf 88' lang='lat' dir='ltr'><strong>neque</strong></span> <span class='ocrx_word' id='word_1_101' title='bbox 1018 1702 1094 1746; x_wconf 91' lang='lat' dir='ltr'><strong>con·</strong></span> 
     </span>
     <span class='ocr_line' id='line_1_17' title="bbox 166 1776 1093 1850; baseline -0.001 -13"><span class='ocrx_word' id='word_1_102' title='bbox 166 1777 276 1837; x_wconf 90' lang='lat' dir='ltr'><strong>cedere</strong></span> <span class='ocrx_word' id='word_1_103' title='bbox 290 1776 448 1838; x_wconf 87' lang='lat' dir='ltr'><strong>licentiam</strong></span> <span class='ocrx_word' id='word_1_104' title='bbox 463 1777 639 1838; x_wconf 78' lang='lat' dir='ltr'><strong>aedificandi</strong></span> <span class='ocrx_word' id='word_1_105' title='bbox 658 1795 740 1839; x_wconf 87' lang='lat' dir='ltr'><strong>nova</strong></span> <span class='ocrx_word' id='word_1_106' title='bbox 756 1776 947 1850; x_wconf 90' lang='lat' dir='ltr'><strong>monasteria</strong></span> <span class='ocrx_word' id='word_1_107' title='bbox 969 1779 1000 1838; x_wconf 88' lang='lat' dir='ltr'><strong>et</strong></span> <span class='ocrx_word' id='word_1_108' title='bbox 1018 1795 1093 1838; x_wconf 91' lang='lat' dir='ltr'><strong>con-</strong></span> 
     </span>
     <span class='ocr_line' id='line_1_18' title="bbox 165 1868 1092 1949; baseline 0.001 -20"><span class='ocrx_word' id='word_1_109' title='bbox 165 1872 276 1930; x_wconf 90' lang='lat' dir='ltr'><strong>ventus</strong></span> <span class='ocrx_word' id='word_1_110' title='bbox 288 1868 319 1928; x_wconf 92' lang='lat' dir='ltr'><strong>iu</strong></span> <span class='ocrx_word' id='word_1_111' title='bbox 333 1869 402 1930; x_wconf 90' lang='lat' dir='ltr'><strong>loco</strong></span> <span class='ocrx_word' id='word_1_112' title='bbox 416 1889 480 1930; x_wconf 78' lang='lat' dir='ltr'><strong>sua</strong></span> <span class='ocrx_word' id='word_1_113' title='bbox 494 1870 648 1946; x_wconf 90' lang='lat' dir='ltr'><strong>dioecesis,</strong></span> <span class='ocrx_word' id='word_1_114' title='bbox 665 1888 753 1931; x_wconf 85' lang='lat' dir='ltr'><strong>exeo</strong></span> <span class='ocrx_word' id='word_1_115' title='bbox 774 1869 847 1949; x_wconf 92' lang='lat' dir='ltr'><strong>quia</strong></span> <span class='ocrx_word' id='word_1_116' title='bbox 867 1871 914 1930; x_wconf 88' lang='lat' dir='ltr'><strong>est</strong></span> <span class='ocrx_word' id='word_1_117' title='bbox 934 1869 973 1929; x_wconf 93' lang='lat' dir='ltr'><strong>dc</strong></span> <span class='ocrx_word' id='word_1_118' title='bbox 994 1869 1092 1949; x_wconf 89' lang='lat' dir='ltr'><strong>majo-</strong></span> 
     </span>
     <span class='ocr_line' id='line_1_19' title="bbox 164 1960 830 2042; baseline 0 -20"><span class='ocrx_word' id='word_1_119' title='bbox 164 1961 261 2023; x_wconf 87' lang='lat' dir='ltr'><strong>ribus.</strong></span> <span class='ocrx_word' id='word_1_120' title='bbox 277 1962 374 2041; x_wconf 89' lang='lat' dir='ltr'><strong>(Saor.</strong></span> <span class='ocrx_word' id='word_1_121' title='bbox 387 1964 484 2042; x_wconf 86' lang='lat' dir='ltr'><strong>Goug.</strong></span> <span class='ocrx_word' id='word_1_122' title='bbox 499 1980 588 2023; x_wconf 89' lang='lat' dir='ltr'><strong>oouc.</strong></span> <span class='ocrx_word' id='word_1_123' title='bbox 605 1965 639 2024; x_wconf 89' lang='lat' dir='ltr'><strong>ll</strong></span> <span class='ocrx_word' id='word_1_124' title='bbox 653 1961 711 2042; x_wconf 87' lang='lat' dir='ltr'><strong>jul.</strong></span> <span class='ocrx_word' id='word_1_125' title='bbox 728 1960 830 2040; x_wconf 73' lang='lat'><strong>1620.)</strong></span> 
     </span>
    </p>

    <p class='ocr_par' dir='ltr' id='par_1_5' title="bbox 163 2052 1092 2412">
     <span class='ocr_line' id='line_1_20' title="bbox 204 2052 1092 2133; baseline -0.001 -17"><span class='ocrx_word' id='word_1_126' title='bbox 204 2058 238 2116; x_wconf 81' lang='grc' dir='ltr'><strong>8ο</strong></span> <span class='ocrx_word' id='word_1_127' title='bbox 259 2057 377 2116; x_wconf 80' lang='lat' dir='ltr'><strong>Praeter</strong></span> <span class='ocrx_word' id='word_1_128' title='bbox 401 2054 619 2116; x_wconf 87' lang='lat' dir='ltr'><strong>auctoritatem</strong></span> <span class='ocrx_word' id='word_1_129' title='bbox 642 2055 820 2133; x_wconf 82' lang='lat' dir='ltr'><strong>delegatam</strong></span> <span class='ocrx_word' id='word_1_130' title='bbox 834 2052 982 2132; x_wconf 87' lang='lat' dir='ltr'><strong>episcopi,</strong></span> <span class='ocrx_word' id='word_1_131' title='bbox 998 2052 1092 2115; x_wconf 91' lang='lat' dir='ltr'><strong>debet</strong></span> 
     </span>
     <span class='ocr_line' id='line_1_21' title="bbox 163 2145 1090 2228; baseline 0 -21"><span class='ocrx_word' id='word_1_132' title='bbox 163 2147 297 2227; x_wconf 80' lang='lat' dir='ltr'><strong>vicarius</strong></span> <span class='ocrx_word' id='word_1_133' title='bbox 311 2148 466 2228; x_wconf 82' lang='lat' dir='ltr'><strong>generalis</strong></span> <span class='ocrx_word' id='word_1_134' title='bbox 478 2165 534 2226; x_wconf 92' lang='lat' dir='ltr'><strong>pro</strong></span> <span class='ocrx_word' id='word_1_135' title='bbox 545 2147 767 2210; x_wconf 88' lang='lat' dir='ltr'><strong>benedicendis</strong></span> <span class='ocrx_word' id='word_1_136' title='bbox 785 2145 976 2225; x_wconf 85' lang='lat' dir='ltr'><strong>paramentis</strong></span> <span class='ocrx_word' id='word_1_137' title='bbox 994 2146 1090 2208; x_wconf 86' lang='lat' dir='ltr'><strong>sacris</strong></span> 
     </span>
     <span class='ocr_line' id='line_1_22' title="bbox 164 2237 1089 2318; baseline -0.002 -16"><span class='ocrx_word' id='word_1_138' title='bbox 164 2241 304 2302; x_wconf 89' lang='lat' dir='ltr'><strong>obtinere</strong></span> <span class='ocrx_word' id='word_1_139' title='bbox 337 2239 496 2301; x_wconf 87' lang='lat' dir='ltr'><strong>licentiam</strong></span> <span class='ocrx_word' id='word_1_140' title='bbox 525 2259 623 2302; x_wconf 84' lang='lat' dir='ltr'><strong>sacrae</strong></span> <span class='ocrx_word' id='word_1_141' title='bbox 658 2238 911 2318; x_wconf 81' lang='lat' dir='ltr'><strong>congregationis</strong></span> <span class='ocrx_word' id='word_1_142' title='bbox 951 2237 1089 2300; x_wconf 88' lang='lat' dir='ltr'><strong>Rituum.</strong></span> 
     </span>
     <span class='ocr_line' id='line_1_23' title="bbox 164 2333 578 2412; baseline -0.002 -17"><span class='ocrx_word' id='word_1_143' title='bbox 164 2333 207 2412; x_wconf 90' lang='lat' dir='ltr'><strong>(S.</strong></span> <span class='ocrx_word' id='word_1_144' title='bbox 222 2336 255 2395; x_wconf 84' lang='lat' dir='ltr'><strong>G.</strong></span> <span class='ocrx_word' id='word_1_145' title='bbox 273 2333 334 2394; x_wconf 82' lang='lat' dir='ltr'><strong>ait.</strong></span> <span class='ocrx_word' id='word_1_146' title='bbox 349 2333 460 2394; x_wconf 85' lang='lat' dir='ltr'><strong>6lebr.</strong></span> <span class='ocrx_word' id='word_1_147' title='bbox 476 2333 578 2412; x_wconf 72' lang='lat'>1627.)</span> 
     </span>
    </p>

    <p class='ocr_par' dir='ltr' id='par_1_6' title="bbox 158 2421 1092 2951">
     <span class='ocr_line' id='line_1_24' title="bbox 201 2421 1089 2504; baseline -0.002 -18"><span class='ocrx_word' id='word_1_148' title='bbox 201 2429 233 2486; x_wconf 79' lang='lat'><strong>9⁰</strong></span> <span class='ocrx_word' id='word_1_149' title='bbox 253 2429 360 2504; x_wconf 87' lang='lat' dir='ltr'><strong>Neque</strong></span> <span class='ocrx_word' id='word_1_150' title='bbox 388 2428 491 2504; x_wconf 89' lang='lat' dir='ltr'><strong>potest</strong></span> <span class='ocrx_word' id='word_1_151' title='bbox 512 2425 578 2486; x_wconf 91' lang='lat' dir='ltr'><strong>siue</strong></span> <span class='ocrx_word' id='word_1_152' title='bbox 592 2424 720 2503; x_wconf 91' lang='lat' dir='ltr'><strong>speciali</strong></span> <span class='ocrx_word' id='word_1_153' title='bbox 743 2421 961 2484; x_wconf 90' lang='lat' dir='ltr'><strong>commissione</strong></span> <span class='ocrx_word' id='word_1_154' title='bbox 985 2423 1089 2484; x_wconf 87' lang='lat' dir='ltr'><strong>remit·</strong></span> 
     </span>
     <span class='ocr_line' id='line_1_25' title="bbox 159 2517 1085 2597; baseline -0.001 -18"><span class='ocrx_word' id='word_1_155' title='bbox 159 2524 226 2579; x_wconf 89' lang='lat' dir='ltr'><strong>tere</strong></span> <span class='ocrx_word' id='word_1_156' title='bbox 241 2517 491 2580; x_wconf 85' lang='lat' dir='ltr'><strong>denuntiationes</strong></span> <span class='ocrx_word' id='word_1_157' title='bbox 501 2517 756 2580; x_wconf 87' lang='lat' dir='ltr'><strong>matrimoniales.</strong></span> <span class='ocrx_word' id='word_1_158' title='bbox 771 2517 853 2597; x_wconf 85' lang='lat' dir='ltr'><strong>(Sao.</strong></span> <span class='ocrx_word' id='word_1_159' title='bbox 869 2519 966 2596; x_wconf 81' lang='lat' dir='ltr'><strong>Gong.</strong></span> <span class='ocrx_word' id='word_1_160' title='bbox 984 2536 1085 2594; x_wconf 79' lang='lat' dir='ltr'><strong>conc,</strong></span> 
     </span>
     <span class='ocr_line' id='line_1_26' title="bbox 159 2609 1092 2690; baseline 0.002 -20"><span class='ocrx_word' id='word_1_161' title='bbox 159 2611 243 2690; x_wconf 88' lang='lat' dir='ltr'><strong>apud</strong></span> <span class='ocrx_word' id='word_1_162' title='bbox 277 2610 421 2689; x_wconf 87' lang='lat' dir='ltr'><strong>Barbos.)</strong></span> <span class='ocrx_word' id='word_1_163' title='bbox 461 2611 658 2673; x_wconf 85' lang='lat' dir='ltr'><strong>Contrarium</strong></span> <span class='ocrx_word' id='word_1_164' title='bbox 692 2613 798 2673; x_wconf 88' lang='lat' dir='ltr'><strong>tamen</strong></span> <span class='ocrx_word' id='word_1_165' title='bbox 839 2629 911 2672; x_wconf 92' lang='lat' dir='ltr'><strong>oum</strong></span> <span class='ocrx_word' id='word_1_166' title='bbox 947 2609 1092 2690; x_wconf 89' lang='lat' dir='ltr'><strong>pluribus&#39;</strong></span> 
     </span>
     <span class='ocr_line' id='line_1_27' title="bbox 158 2702 1087 2784; baseline -0.003 -20"><span class='ocrx_word' id='word_1_167' title='bbox 158 2703 299 2765; x_wconf 86' lang='lat' dir='ltr'><strong>defendit</strong></span> <span class='ocrx_word' id='word_1_168' title='bbox 320 2703 492 2782; x_wconf 80' lang='lat' dir='ltr'><strong>Ventriglia</strong></span> <span class='ocrx_word' id='word_1_169' title='bbox 519 2723 661 2765; x_wconf 89' lang='lat' dir='ltr'><strong>asserens</strong></span> <span class='ocrx_word' id='word_1_170' title='bbox 689 2704 773 2784; x_wconf 88' lang='lat' dir='ltr'><strong>quod</strong></span> <span class='ocrx_word' id='word_1_171' title='bbox 800 2703 904 2764; x_wconf 89' lang='lat' dir='ltr'><strong>verior</strong></span> <span class='ocrx_word' id='word_1_172' title='bbox 929 2706 960 2764; x_wconf 91' lang='lat' dir='ltr'><strong>et</strong></span> <span class='ocrx_word' id='word_1_173' title='bbox 986 2702 1087 2782; x_wconf 83' lang='lat' dir='ltr'><strong>magis</strong></span> 
     </span>
     <span class='ocr_line' id='line_1_28' title="bbox 158 2794 1086 2878; baseline -0.004 -20"><span class='ocrx_word' id='word_1_174' title='bbox 158 2796 332 2858; x_wconf 88' lang='lat' dir='ltr'><strong>communis</strong></span> <span class='ocrx_word' id='word_1_175' title='bbox 343 2795 446 2875; x_wconf 92' lang='lat' dir='ltr'><strong>opinio</strong></span> <span class='ocrx_word' id='word_1_176' title='bbox 459 2795 509 2873; x_wconf 79' lang='lat' dir='ltr'><strong>sit,</strong></span> <span class='ocrx_word' id='word_1_177' title='bbox 524 2796 649 2878; x_wconf 88' lang='lat' dir='ltr'><strong>quodid</strong></span> <span class='ocrx_word' id='word_1_178' title='bbox 661 2796 759 2875; x_wconf 87' lang='lat' dir='ltr'><strong>possit</strong></span> <span class='ocrx_word' id='word_1_179' title='bbox 772 2795 838 2856; x_wconf 89' lang='lat' dir='ltr'><strong>sine</strong></span> <span class='ocrx_word' id='word_1_180' title='bbox 851 2794 978 2874; x_wconf 88' lang='lat' dir='ltr'><strong>speciali</strong></span> <span class='ocrx_word' id='word_1_181' title='bbox 999 2812 1086 2856; x_wconf 85' lang='lat' dir='ltr'><strong>mau-</strong></span> 
     </span>
     <span class='ocr_line' id='line_1_29' title="bbox 160 2890 243 2951; baseline -0.012 0"><span class='ocrx_word' id='word_1_182' title='bbox 160 2890 243 2951; x_wconf 88' lang='lat' dir='ltr'><strong>dato.</strong></span> 
     </span>
    </p>
   </div>
   <div class='ocr_carea' id='block_1_3' title="bbox 154 2979 1086 3526">
    <p class='ocr_par' dir='ltr' id='par_1_7' title="bbox 154 2979 1086 3526">
     <span class='ocr_line' id='line_1_30' title="bbox 199 2979 1086 3062; baseline -0.001 -19"><span class='ocrx_word' id='word_1_183' title='bbox 199 2985 306 3062; x_wconf 90' lang='lat' dir='ltr'><strong>Neque</strong></span> <span class='ocrx_word' id='word_1_184' title='bbox 334 3000 391 3061; x_wconf 92' lang='lat' dir='ltr'><strong>pro</strong></span> <span class='ocrx_word' id='word_1_185' title='bbox 421 2980 697 3042; x_wconf 91' lang='lat' dir='ltr'><strong>matrimonialium</strong></span> <span class='ocrx_word' id='word_1_186' title='bbox 723 2979 954 3059; x_wconf 88' lang='lat' dir='ltr'><strong>dispensatione</strong></span> <span class='ocrx_word' id='word_1_187' title='bbox 983 2982 1086 3059; x_wconf 89' lang='lat' dir='ltr'><strong>potest</strong></span> 
     </span>
     <span class='ocr_line' id='line_1_31' title="bbox 160 3071 1085 3155; baseline -0.002 -21"><span class='ocrx_word' id='word_1_188' title='bbox 160 3074 331 3155; x_wconf 85' lang='lat' dir='ltr'><strong>quidquem</strong></span> <span class='ocrx_word' id='word_1_189' title='bbox 349 3073 491 3155; x_wconf 85' lang='lat' dir='ltr'><strong>quamvis</strong></span> <span class='ocrx_word' id='word_1_190' title='bbox 509 3073 673 3134; x_wconf 91' lang='lat' dir='ltr'><strong>minimum</strong></span> <span class='ocrx_word' id='word_1_191' title='bbox 694 3076 725 3135; x_wconf 93' lang='lat' dir='ltr'><strong>et</strong></span> <span class='ocrx_word' id='word_1_192' title='bbox 743 3078 852 3153; x_wconf 89' lang='lat' dir='ltr'><strong>sponte</strong></span> <span class='ocrx_word' id='word_1_193' title='bbox 875 3073 985 3134; x_wconf 89' lang='lat' dir='ltr'><strong>datum</strong></span> <span class='ocrx_word' id='word_1_194' title='bbox 1003 3071 1085 3134; x_wconf 91' lang='lat' dir='ltr'><strong>acoi-</strong></span> 
     </span>
     <span class='ocr_line' id='line_1_32' title="bbox 157 3165 1084 3272; baseline -0.002 -44"><span class='ocrx_word' id='word_1_195' title='bbox 157 3185 242 3272; x_wconf 85' lang='lat' dir='ltr'><strong>pere.</strong></span> <span class='ocrx_word' id='word_1_196' title='bbox 257 3167 339 3246; x_wconf 90' lang='lat' dir='ltr'><strong>(Sac.</strong></span> <span class='ocrx_word' id='word_1_197' title='bbox 353 3169 450 3246; x_wconf 81' lang='lat' dir='ltr'><strong>Cong.</strong></span> <span class='ocrx_word' id='word_1_198' title='bbox 464 3167 559 3246; x_wconf 86' lang='lat' dir='ltr'><strong>episc.</strong></span> <span class='ocrx_word' id='word_1_199' title='bbox 575 3169 606 3228; x_wconf 87' lang='lat' dir='ltr'><strong>ct</strong></span> <span class='ocrx_word' id='word_1_200' title='bbox 619 3185 685 3245; x_wconf 82' lang='lat' dir='ltr'><strong>reg.</strong></span> <span class='ocrx_word' id='word_1_201' title='bbox 696 3165 728 3226; x_wconf 90' lang='lat' dir='ltr'><strong>in</strong></span> <span class='ocrx_word' id='word_1_202' title='bbox 739 3166 933 3242; x_wconf 83' lang='lat' dir='ltr'><strong>Surrentina,</strong></span> <span class='ocrx_word' id='word_1_203' title='bbox 948 3169 986 3227; x_wconf 70' lang='lat'><strong>22</strong></span> <span class='ocrx_word' id='word_1_204' title='bbox 1000 3165 1084 3246; x_wconf 90' lang='lat' dir='ltr'><strong>apri-</strong></span> 
     </span>
     <span class='ocr_line' id='line_1_33' title="bbox 156 3260 1082 3438; baseline 0 -24"><span class='ocrx_word' id='word_1_205' title='bbox 156 3260 372 3435; x_wconf 41' lang='lat' dir='ltr'><strong>hslidffibique</strong></span> <span class='ocrx_word' id='word_1_206' title='bbox 388 3356 490 3434; x_wconf 89' lang='lat' dir='ltr'><strong>potest</strong></span> <span class='ocrx_word' id='word_1_207' title='bbox 511 3353 578 3414; x_wconf 89' lang='lat' dir='ltr'><strong>sine</strong></span> <span class='ocrx_word' id='word_1_208' title='bbox 599 3351 725 3432; x_wconf 86' lang='lat' dir='ltr'><strong>speciali</strong></span> <span class='ocrx_word' id='word_1_209' title='bbox 748 3350 966 3413; x_wconf 88' lang='lat' dir='ltr'><strong>commissione</strong></span> <span class='ocrx_word' id='word_1_210' title='bbox 985 3351 1082 3438; x_wconf 89' lang='lat' dir='ltr'><strong>inter·</strong></span> 
     </span>
     <span class='ocr_line' id='line_1_34' title="bbox 154 3442 964 3526; baseline 0.004 -21"><span class='ocrx_word' id='word_1_211' title='bbox 154 3443 239 3506; x_wconf 89' lang='lat' dir='ltr'><strong>diota</strong></span> <span class='ocrx_word' id='word_1_212' title='bbox 251 3447 403 3524; x_wconf 83' lang='lat' dir='ltr'><strong>relaxare,</strong></span> <span class='ocrx_word' id='word_1_213' title='bbox 420 3447 485 3510; x_wconf 83' lang='lat' dir='ltr'><strong>sive</strong></span> <span class='ocrx_word' id='word_1_214' title='bbox 494 3447 535 3509; x_wconf 89' lang='lat' dir='ltr'><strong>ab</strong></span> <span class='ocrx_word' id='word_1_215' title='bbox 549 3444 688 3523; x_wconf 87' lang='lat' dir='ltr'><strong>homine,</strong></span> <span class='ocrx_word' id='word_1_216' title='bbox 701 3444 766 3506; x_wconf 89' lang='lat' dir='ltr'><strong>sive</strong></span> <span class='ocrx_word' id='word_1_217' title='bbox 781 3454 800 3504; x_wconf 88' lang='lat' dir='ltr'><strong>a</strong></span> <span class='ocrx_word' id='word_1_218' title='bbox 806 3443 877 3526; x_wconf 85' lang='lat' dir='ltr'><strong>jure</strong></span> <span class='ocrx_word' id='word_1_219' title='bbox 891 3442 964 3508; x_wconf 86' lang='lat' dir='ltr'><strong>sint.</strong></span> 
     </span>
    </p>
   </div>
   <div class='ocr_carea' id='block_1_4' title="bbox 0 0 1294 4012">
    <p class='ocr_par' dir='ltr' id='par_1_8' title="bbox 0 0 1294 4012">
     <span class='ocr_line' id='line_1_35' title="bbox 0 0 1294 4012; baseline 0 5"><span class='ocrx_word' id='word_1_220' title='bbox 0 0 1294 4012; x_wconf 95' lang='lat' dir='ltr'><strong> </strong></span> 
     </span>
    </p>
   </div>
  </div>
 </body>
</html>
