2584 4022
155 249 177 311 a
346 263 575 312 1nsrrrnrronns
596 263 678 310 snnrs
700 261 855 310 canonici.

159 408 260 471 causis
270 407 374 470 minus
382 407 491 470 arduis
499 407 568 487 cogi
581 407 680 488 possit
693 407 734 468 ad
742 405 977 470 defendendum
985 417 1020 472 e'e
1030 427 1087 488 por

158 504 405 585 procuratorem,
420 501 452 578 in
468 501 574 564 arduis
586 505 692 562 tamen
706 499 809 562 censis
819 500 860 562 ad
874 500 1014 580 hoccogi
1024 517 1087 566 non

157 598 270 675 potest,
280 594 337 656 sed
347 613 445 674 perse
459 611 587 657 oausam
598 613 689 655 suam
703 593 872 656 defendere
884 593 1085 673 permittitur,

156 707 196 750 ne
212 687 327 753 afflicto
338 705 421 750 nova
430 688 566 750 addatur
575 687 714 764 afflictio,
726 690 758 751 et
767 686 1007 750 minusfideloru
1016 704 1088 750 cum

156 796 274 860 magno
285 798 342 844 suo
356 781 556 844 incommodo
572 781 688 842 habeat
702 779 749 841 sui
764 777 973 842 defensorem.

195 870 247 938 lv.
272 875 381 936 Partes
401 873 559 936 ordinarie
584 873 653 954 cogi
676 891 696 934 a
717 872 824 952 judice
848 889 911 932 non
934 875 1086 950 possum,

155 967 303 1046 quamvis
314 967 366 1027 hic
376 967 416 1029 sit
426 985 445 1027 a
455 969 584 1029 Summo
594 965 744 1030 Pontifiec
755 965 972 1046 delegatus,ut
983 983 1088 1043 perso·

154 1058 270 1122 naliter
282 1059 315 1120 in
327 1058 445 1139 judicio
462 1063 682 1138 compereant,
701 1057 761 1118 nisi
781 1075 878 1120 eausa
893 1055 1087 1122 rationabilis

156 1149 240 1214 aliud
253 1151 384 1234 jubeat;
403 1155 434 1214 et
447 1151 520 1214 hinc
533 1151 677 1231 compelli
689 1153 820 1231 possunt
829 1150 870 1211 ad
882 1149 1088 1230 personaliter

156 1245 406 1326 comparendum
422 1266 428 1306 :
446 1244 547 1324 primo
562 1245 595 1305 in
610 1245 711 1306 causis
722 1243 935 1306 criminalibus
945 1243 1087 1306 crimina·
1174 1280 1175 1283 =
1271 1204 1274 1235 Ι

155 1339 227 1402 liter
239 1337 418 1412 intentatis;
436 1338 574 1400 secundo
590 1338 630 1400 ad
646 1337 860 1417 praestandum
871 1335 1086 1416 juramentum

155 1431 194 1493 de
208 1430 340 1493 veritate
358 1429 511 1505 dicenda3
525 1431 620 1494 tertio
635 1431 677 1492 ad
692 1430 906 1511 juramentum
921 1427 1085 1492 calumnia

133 1529 135 1533 '
156 1524 389 1604 praestandum
408 1519 566 1604 quartale
581 1523 758 1585 aliisetiam
775 1522 909 1599 casibus,
925 1521 1085 1601 inquibus

153 1617 222 1696 ipsa
233 1615 413 1697 principalis
426 1620 543 1680 statum
553 1615 588 1676 in
600 1615 759 1678 communi
770 1615 871 1694 magis
883 1617 1085 1694 perspectum

152 1709 258 1787 hahet,
278 1712 309 1771 et
330 1709 385 1771 uhi
399 1728 437 1770 ex
459 1709 608 1788 qualitate
624 1725 769 1788 persona
790 1707 897 1788 colligi
908 1725 965 1786 pro
980 1725 1083 1770 cansa

153 1802 311 1864 decisione
328 1801 446 1882 aliquid
462 1801 570 1876 debet3
586 1805 619 1864 et
632 1803 741 1882 quinto
757 1801 893 1880 denique
906 1799 932 1861 si
947 1799 1083 1888 speciale
1115 1874 1120 1884 ¹

154 1895 445 1976 delegatusaPapa
456 1895 585 1975 aliquod
596 1895 780 1956 mandatum
790 1891 916 1971 habeat,
925 1893 968 1954 ad
977 1895 1082 1973 partes

153 1987 342 2067 principales
356 1988 533 2068 specialiter
546 1988 759 2068 inquirendas,
846 2023 847 2026 =

192 2082 323 2142 Factum
334 2085 440 2143 tamen
453 2081 561 2160 ipsum
568 2079 725 2143 ordinarie
738 2095 880 2159 persona
892 2074 1082 2158 principales

153 2191 209 2252 per
223 2191 255 2234 se
277 2173 377 2252 ipses,
393 2177 425 2235 et
445 2191 509 2236 non
522 2173 762 2253 per'advooatos
776 2190 952 2252 proponere
962 2171 1083 2234 ‘debeat

152 2266 221 2346 (nisi
246 2265 307 2328 sint
324 2284 466 2346 personae
488 2266 579 2328 valde
594 2266 767 2347 simplices,
786 2268 818 2327 et
831 2265 1029 2341 indiscreta,
1046 2265 1082 2326 ut

152 2376 261 2420 earnm
273 2360 751 2442 delactnsajudicesupplendns
761 2358 822 2438 sit),
836 2358 909 2438 quia
918 2357 1081 2420 meliorem

126 2476 128 2479 ·
152 2451 294 2512 notitiem
317 2454 390 2514 lacti
414 2453 531 2514 habere
561 2455 727 2516 censentur
751 2452 956 2531 principales,
984 2465 1084 2530 quam

152 2542 310 2618 advocati,
330 2543 473 2621 quamvis
488 2545 536 2603 his
556 2563 619 2605 non
639 2544 843 2622 prohibeatur
863 2543 1007 2604 assistere
1022 2541 1091 2602 illis

151 2634 183 2694 in
194 2634 278 2695 'facto
292 2633 349 2694 tali
362 2633 584 2712 proponendo,
604 2636 635 2695 et
648 2635 680 2693 in
695 2633 896 2712 expediendis
917 2632 992 2709 illis,
1010 2649 1080 2710 quae

150 2725 265 2806 injure
280 2726 463 2802 consistunt,
480 2726 512 2786 in
526 2725 631 2788 libello
646 2725 764 2788 scilicet
785 2724 966 2802 formando,
986 2723 1019 2784 in
1031 2721 1079 2784 ln-

149 2818 374 2898 tcrrogatoriis,
392 2821 425 2881 et
436 2819 575 2881 articulis
589 2819 863 2898 probatorialibus.

202 2977 213 3032 s
227 2982 254 3023 tl.
268 2988 299 3022 or
317 2984 396 3040 crusis
409 2988 468 3032 onus
485 2989 604 3024 :unierat
617 2989 704 3022 aornar
716 2990 796 3024 runnx
809 2990 864 3024 run
878 2989 1025 3028 ancarana,

480 3056 535 3088 runt
550 3053 744 3089 eccamrmious,

78 3215 79 3224 η
190 3175 227 3236 V.
244 3176 292 3234 An
304 3175 402 3255 judex
418 3177 576 3240 saecularis
588 3183 723 3241 tractare
740 3181 772 3240 et
781 3195 970 3258 cognoscere
980 3178 1079 3258 possit

100 3255 105 3274 ¹
150 3282 260 3329 causas
273 3267 519 3332 aeclesiasticas?
529 3273 701 3334 Causarum
714 3257 995 3334 ecclesiasticarum
1009 3270 1078 3332 eliae

148 3362 313 3422 suntmere
323 3379 360 3422 ac
375 3364 501 3442 proprie
511 3363 699 3444 spirituales,
712 3383 782 3446 qum
792 3364 919 3446 proprie
933 3367 1079 3444 spectant

148 3452 1076 3540 adpraelatorumecclesiastieorumregimen,utisnntcausae
