2584 4022
189 271 230 332 40
388 281 618 330 rnsr1rorronns
638 281 721 334 rurus
742 279 897 328 eruonrcr.

189 427 340 504 formam,
351 429 384 489 et
395 425 517 506 praxim
529 425 612 488 illius
623 425 789 488 tribunalis
804 425 921 488 saetam
934 444 942 488 ε
959 425 1003 488 ita
1012 429 1118 490 tamen

188 523 224 582 ut
237 539 294 599 per
306 519 405 581 solam
417 519 491 581 faeti
511 519 741 596 narrationem,
766 522 798 580 et
817 517 1022 598 particulares
1040 521 1118 600 peti-

188 613 288 675 tiones
308 631 377 694 quae
400 613 479 674 fiunt
497 613 537 674 ab
561 616 686 690 actore,
712 611 832 692 absque
860 611 1009 691 petitione
1031 613 1119 676 nulla
1196 655 1198 659 -

189 706 245 768 fiat
258 705 320 767 litis
334 704 538 779 contestati03
555 706 777 784 potestantem
802 723 840 763 ex
866 707 955 784 parte
980 706 1026 767 rei
1049 705 1117 768 fieri

189 798 250 860 litis
265 797 465 875 contestatio,
484 816 548 859 non
566 800 672 860 tamen
695 796 855 875 negative,
881 796 946 858 sive
972 799 1117 880 negando

190 890 373 970 simpliciter
394 894 521 952 narrata
540 893 571 953 et
589 891 687 970 petita
713 890 754 950 ab
778 893 904 968 actore,
929 895 1024 972 prout
1045 911 1119 954 nar·

190 987 300 1045 rantur
314 987 346 1045 et
359 986 525 1062 petuntur,
550 983 606 1044 sed
621 983 716 1044 etiam
728 982 930 1062 affirmative,
951 985 995 1047 ita
1012 989 1119 1048 tamen

190 1079 225 1138 ut
247 1081 400 1156 appareat
424 1076 493 1138 haee
516 1075 584 1136 fieri
609 1094 673 1136 non
696 1075 801 1137 animo
821 1076 954 1138 eedendi
977 1077 1038 1156 liti,
1062 1077 1118 1140 sed

190 1169 294 1231 animo
307 1168 463 1250 litigandi,
481 1171 535 1248 qui
555 1169 646 1230 facile
662 1167 873 1247 praesomitnr,
894 1169 1020 1248 quando
1045 1188 1118 1230 nar·

88 1261 90 1265 ’
188 1265 258 1323 rata
283 1263 428 1342 quedam
453 1260 677 1338 conceduntur,
695 1261 792 1340 petita
817 1264 925 1322 tamen
949 1266 1115 1341 negantur,

189 1355 230 1416 ad
241 1374 335 1434 quem
341 1355 436 1418 finem
450 1355 483 1416 in
494 1355 613 1436 judieio
626 1373 684 1415 sua
695 1358 802 1434 petere
811 1356 957 1416 censetur
970 1359 1070 1433 antor,
1086 1358 1117 1417 et

190 1466 306 1528 negare
319 1467 357 1508 ea
371 1452 516 1510 censetur
528 1467 616 1525 reus,
635 1448 694 1509 nisi
705 1447 807 1528 major
822 1448 978 1527 expressio
993 1467 1032 1508 ex
1045 1466 1119 1526 par·

189 1541 312 1602 tienlari
329 1541 490 1602 tribunalis
514 1540 647 1621 alicujus
669 1543 786 1602 statuto
813 1543 868 1602 aut
891 1540 1117 1603 consuetudine

190 1633 414 1712 requireretur,
437 1636 492 1695 aut
515 1651 660 1712 expresse
688 1636 878 1712 protestetur
905 1652 1031 1695 neusse
1056 1651 1118 1695 non

191 1726 296 1788 animo
309 1725 473 1805 litigandi,
490 1726 546 1787 sed
560 1725 749 1789 informandi
763 1729 886 1789 tantum
904 1725 1045 1806 judicem
1065 1744 1117 1805 pe-

189 1817 249 1882 tita
262 1823 317 1880 aut
326 1823 455 1882 narrata
466 1838 593 1900 negare.

230 1913 268 1975 V.
292 1911 565 1993 inpositionibus,
587 1915 618 1974 et
636 1912 792 1988 articulis,
817 1930 855 1973 ae
869 1910 1118 1994 responsionibus,

190 2006 222 2065 et
239 2006 396 2082 quomodo
410 2006 501 2068 alitis
517 2005 743 2068 contestatione
756 2005 921 2067 differant?
930 2004 1116 2082 Positiones,

191 2113 261 2176 quse
273 2099 461 2180 regulariter
471 2101 566 2178 super
580 2116 676 2159 eausa
689 2096 854 2176 principali
873 2101 944 2176 post
966 2097 1030 2158 litis
1048 2115 1120 2158 oon·

189 2190 388 2254 testationem
400 2194 498 2272 frunt,
516 2195 588 2254 sunt
609 2191 722 2253 breves
741 2190 888 2270 quaedam
902 2190 1118 2268 narrationes,

191 2288 246 2344 aut
259 2286 446 2348 assertiones
460 2285 592 2367 alieujus
606 2284 680 2347 faeti
694 2283 735 2346 ad
746 2302 874 2345 eausam
886 2287 1121 2346 controversam¹

190 2375 393 2457 pertinentis,
409 2398 505 2460 super
523 2397 585 2459 quo
599 2377 717 2460 petitur
737 2377 777 2438 ab
790 2375 970 2439 adversario
991 2383 1121 2455 respon-

97 2549 100 2556 *
192 2468 279 2545 deri,
301 2474 335 2530 ut
357 2473 479 2533 noverit
494 2477 591 2548 aeter,
613 2472 654 2532 ab
679 2489 775 2532 onere
800 2469 955 2548 probandi
984 2469 1044 2533 hoe
1064 2487 1121 2548 per

193 2559 421 2622 confessionem
434 2563 611 2625 ultroneam
625 2561 808 2637 adversarii,
825 2581 859 2622 se
873 2561 1018 2624 liberum.

232 2652 354 2713 Debent
367 2656 473 2716 autem
486 2654 656 2734 positiones
670 2653 748 2716 tales
763 2659 832 2714 'esse
854 2653 987 2733 breves,
1005 2655 1117 2734 clarae,

190 2748 222 2807 et
235 2745 312 2806 nihil
324 2748 528 2825 superfluum,
541 2747 648 2809 autad
661 2764 729 2809 rem
740 2764 803 2808 non
814 2745 931 2809 faoiens
944 2748 1116 2825 continere,

120 2887 121 2891 ,
190 2837 402 2920 rejiciendae
411 2839 529 2921 judice,
540 2839 566 2902 si
576 2841 638 2902 sint
651 2839 888 2919 impertinentes
901 2861 907 2903 :
921 2847 951 2903 et
960 2841 1119 2904 eontinere

192 2935 313 2994 tantum
326 2950 365 2994 ea
384 2951 453 3012 quae
472 2935 545 2996 sunt
558 2934 643 3012 faeti,
661 2951 725 2995 non
736 2939 843 2995 autem
857 2952 927 3013 quae
942 2937 1015 2997 sunt
1024 2932 1115 3014 juris,

191 3043 263 3088 eum
279 3025 333 3107 jus
347 3044 436 3090 annm
455 3023 674 3090 certitudinem
688 3046 752 3089 nou
773 3045 792 3088 a
811 3031 960 3105 responso
981 3025 1025 3086 rei
1045 3042 1117 3086 oon-

190 3120 292 3196 venti‚
307 3120 363 3180 sed
376 3139 414 3181 ex
427 3138 460 3182 se
476 3121 613 3184 habent:
630 3125 661 3183 et
675 3120 832 3182 ordinarie
855 3119 887 3179 in
901 3118 1020 3198 judieio
1036 3117 1116 3179 ordi·

191 3211 278 3272 narie
297 3217 370 3273 sunt
391 3213 423 3275 in
445 3214 568 3294 seriptis
586 3214 772 3290 offerendae,
788 3211 893 3273 medio
913 3210 1115 3291 juramento,

191 3303 276 3384 quod
292 3303 507 3383 juramentum
519 3308 696 3369 dandorum
710 3305 834 3380 dieitur,
852 3320 913 3383 quo
929 3302 1016 3384 jurat
1030 3306 1119 3366 actor

190 3414 224 3458 se
236 3414 299 3458 non
314 3397 418 3459 animo
434 3400 655 3478 calumniandi,
669 3398 724 3461 sed
734 3397 815 3479 juris
829 3396 877 3459 sui
891 3396 999 3462 tuendi
1010 3417 1116 3482 eausa,

190 3488 360 3574 positiones
374 3490 453 3555 tales
465 3492 624 3564 exhibere.
