2586 4020
207 216 266 278 llo
414 228 643 282 unsurramouas
663 233 746 280 rurus
768 232 922 280 canorum.

246 372 388 440 Dubitari
400 377 504 456 potest
515 379 638 455 quarto,
650 380 756 440 utrum
767 381 862 456 tutor,
875 382 1029 440 sumator
1042 377 1139 439 tutrix

206 466 354 547 illiorum,
369 469 395 532 ei
411 469 538 532 nomine
552 470 672 551 pupilli,
692 475 747 534 aut
758 471 948 551 pupillorum
961 469 1050 532 inriti
1066 488 1139 531 con-

206 562 374 624 veniantur
387 562 567 643 injudicio,
589 563 628 626 de
650 565 753 626 causis
767 570 837 644 post
852 563 988 643 positam
1008 563 1140 626 tutelam

207 653 294 732 ortis,
313 660 367 716 aut
379 655 419 716 da
431 673 513 717 noro
525 655 721 734 inchoandis,
736 656 819 718 licita
828 656 948 736 possint
961 654 1140 734 appellare?

207 748 425 828 despondetur
443 747 527 829 quod
541 747 625 810 licite
640 748 799 830 appellare
815 749 936 827 possint
953 751 1063 810 corba
1075 747 1139 808 tale

206 857 393 920 gravamen,
412 859 484 902 oum
503 857 566 903 non
581 842 701 919 possint
716 841 883 904 dotalibus
898 841 1004 904 litibus
1024 858 1141 903 conue-

206 933 266 994 niri
292 933 426 1012 amplius
454 934 645 1014 pupillorum
669 935 816 1012 nomine,
847 933 949 1013 posite
971 935 1087 1006 tutela;
1113 933 1140 994 si

207 1028 314 1088 tamen
327 1025 366 1087 lia
375 1025 482 1106 aliqua
495 1045 569 1088 eum
582 1030 696 1104 tutore,
710 1026 820 1106 pupilli
835 1026 980 1104 nomine,
997 1029 1150 1106 tempore

207 1117 313 1182 tutelae
338 1122 442 1199 coepta
456 1119 584 1197 fuisset,
607 1119 737 1182 deberat
756 1119 807 1182 hic
826 1137 912 1198 eam,
928 1119 1031 1200 posita
1045 1118 1142 1180 etiam

207 1212 306 1274 tutela
319 1213 477 1294 prosequi,
494 1212 554 1274 nisi
568 1212 669 1275 omnis
680 1213 908 1275 administratio
920 1213 952 1274 in
962 1215 1142 1274 curatorem

207 1304 360 1368 translata
370 1305 490 1384 fuisset,
510 1309 545 1368 ut
555 1325 595 1367 ne
609 1305 789 1368 indefensus
801 1305 989 1369 destituatur
1003 1304 1141 1384 pupillus

208 1396 241 1458 in
256 1416 361 1476 causa,
377 1417 473 1480 qnam
485 1399 552 1479 ipse
567 1398 706 1478 incipere
720 1417 784 1461 non
798 1399 909 1478 potuit.

248 1492 286 1552 V.
310 1490 355 1552 Ile
375 1491 411 1552 iis
428 1491 532 1574 quibua
545 1511 602 1552 con
614 1501 656 1552 ert
662 1492 837 1572 permittam
852 1491 1021 1571 appellare.
1034 1487 1138 1552 Primo

210 1583 368 1662 appellare
381 1601 445 1646 non
459 1586 605 1662 possunt,
625 1585 680 1663 qui
690 1584 790 1646 tribus
805 1584 925 1661 edictis,
940 1582 991 1645 uel
1010 1600 1073 1645 uno
1084 1600 1141 1662 pe-

186 1755 189 1760 ·
209 1675 379 1756 temptoria
399 1676 486 1738 citati
506 1675 652 1738 dixerunt
669 1695 701 1738 se
717 1676 799 1738 nolle
813 1677 935 1752 venire,
959 1677 992 1736 in
1011 1693 1140 1754 poenam

210 1766 329 1830 seilicet
341 1786 424 1830 verae
440 1769 655 1848 contumaciae,
670 1771 709 1833 ob
723 1789 818 1851 quam
832 1768 1058 1830 condemnatus
1068 1767 1138 1830 fuit.

211 1861 355 1923 Secundo
367 1880 430 1924 non
439 1865 570 1941 possunt
581 1863 751 1942 appellare,
765 1861 818 1942 qui
830 1862 1019 1923 sententiam
1031 1864 1141 1922 contra

210 1973 243 2016 sa
254 1954 351 2016 latam
361 1954 951 2036 expressa,vel-taciteapprobaverunt,
963 1957 999 2018 ut
1008 1944 1138 2016 dictum.

211 2047 315 2110 Tertio
325 2049 484 2128 appellare
495 2066 558 2110 non
567 2052 708 2130 possunt,
717 2047 769 2130 qui
779 2047 927 2128 legitima
938 2045 1139 2126 appellationi

211 2141 382 2203 adversarii
391 2141 440 2204 sui
448 2160 511 2204 non
523 2141 712 2220 detulerunt,
722 2141 747 2202 si
760 2143 871 2222 postea
881 2140 914 2200 in
925 2140 1037 2201 eadem
1047 2156 1142 2201 causa

213 2235 370 2315 appellare
384 2235 519 2310 vellent;
537 2242 572 2296 ut
585 2234 748 2298 scilicetin
768 2252 804 2296 eo
826 2233 1008 2313 puniantur,
1025 2232 1057 2293 in
1079 2248 1140 2311 quo
1250 2292 1252 2297 ,

200 2327 271 2408 ipsi
296 2327 505 2408 deliquerunt.
532 2331 648 2401 Quarto
670 2327 827 2408 appellare
845 2345 908 2388 non
926 2328 1071 2404 possunt,
1088 2323 1141 2403 qui

212 2421 341 2500 propria
356 2438 444 2498 voca,
461 2439 498 2482 ac
511 2422 662 2500 spontein
673 2420 792 2500 judicio
807 2419 942 2480 confessi
952 2420 1094 2495 fuerunt,
1111 2421 1143 2479 ct

214 2514 299 2574 clara
329 2531 366 2574 ac
385 2514 478 2592 plena
500 2514 686 2592 probatione
715 2513 864 2590 convicti,
895 2511 1062 2592 quietalis
1089 2529 1143 2589 ap·

212 2605 338 2686 pallatio
365 2606 566 2684 praesumitur
592 2606 776 2684 interposite
805 2604 991 2684 subterfugii
1020 2606 1142 2666 tantum

214 2716 320 2776 cansa,
333 2701 406 2775 etc,
420 2697 532 2760 sivero
545 2704 668 2760 tantum
680 2699 839 2761 confessus
853 2698 965 2778 aliquis
982 2697 1041 2758 fuit
1052 2696 1083 2756 in
1093 2695 1142 2776 ju-

214 2790 310 2869 dicio,
328 2807 391 2852 non
411 2794 517 2853 tamen
537 2791 641 2854 debito
659 2793 753 2854 modo
769 2791 930 2856 convictus
944 2790 1016 2866 fuit,
1040 2791 1143 2867 potest

214 2885 343 2965 quidem
356 2884 524 2964 appellare,
538 2885 705 2965 appellatio
720 2889 826 2948 tamen
841 2885 922 2962 talis,
935 2883 960 2944 si
975 2882 1144 2944 confessio·

215 2999 288 3041 nem
302 2998 365 3041 non
377 2977 547 3056 revocavit,
558 2978 715 3042 etnullam
725 2977 943 3042 rationabilem
952 2993 1079 3037 causam
1089 2993 1143 3054 ap·

215 3072 392 3154 pollutionis
418 3072 583 3152 expressit,
605 3090 668 3134 non
687 3072 816 3135 babebit
841 3072 987 3132 effectum
1015 3085 1143 3147 suspen·

215 3166 327 3243 sivum,
345 3165 399 3246 qui
412 3165 627 3227 executionem
638 3165 789 3245 judicisa
810 3182 872 3245 quo
883 3162 1070 3242 impediret,
1087 3161 1143 3224 sed

216 3261 339 3320 tantum
352 3258 584 3336 devolutivum,
601 3257 631 3320 vi
647 3257 736 3339 cujus
750 3257 892 3318 inhibere
911 3259 1019 3337 potest,
1032 3272 1144 3316 execu-

215 3351 335 3414 tionem
344 3351 443 3432 judex
457 3353 498 3414 ad
513 3369 617 3434 quem.
