2578 4012
410 267 449 314 aa
470 267 661 314 sisnandum
683 266 875 316 praessura
1050 253 1107 313 191

217 413 268 474 10⁰
284 413 389 472 Potest
404 411 568 491 episcopus
586 410 713 472 visitare
729 411 879 473 eeclesias
893 428 1109 492 quascumque

177 503 333 564 seculares
354 502 437 563 intra
455 503 533 564 fines
557 521 622 569 suae
645 502 789 564 dioecesis
816 505 982 566 existentes
1001 503 1109 582 vigore

91 615 93 618 ’
178 614 247 675 cap.
261 598 291 672 8,
308 614 384 657 sess.
397 599 427 672 7,
440 597 474 657 G.
489 597 539 673 1.,
557 597 679 678 etiamsi
691 597 732 657 ad
754 598 914 676 regulares
932 596 1110 676 pertineant

138 695 140 699 ’
178 692 209 750 et
231 689 270 749 ab
292 689 337 748 eis
358 688 574 768 dependeant,
588 689 664 750 dum
682 695 790 750 tamen
809 708 866 768 per
883 690 1039 752 seculares
1063 687 1108 750 eis
1177 749 1180 754 .

178 780 406 842 deserviantur.

217 874 295 934 Item
315 874 506 935 monasteria
523 891 730 953 quaecumque
748 874 978 951 commendata,
993 874 1025 934 in
1041 874 1108 953 qui-

175 965 234 1026 bus
248 983 311 1026 non
325 965 411 1044 viget
430 965 583 1044 regularis
596 965 806 1044 observantia,
824 985 860 1028 ac
873 966 1027 1028 benetlcia
1042 970 1106 1029 tam

178 1064 286 1119 curata
308 1076 403 1138 quam
424 1076 487 1119 non
505 1063 614 1118 curata
638 1059 791 1122 secularia
808 1062 839 1120 et
857 1058 1016 1137 regularia
1033 1077 1115 1138 qua--

176 1150 383 1229 litercumque
421 1151 640 1218 commendata
667 1152 775 1230 vigore
801 1170 871 1231 cap.
896 1155 927 1228 8,
952 1169 1029 1213 sese.
1054 1153 1111 1228 sl„

179 1244 212 1304 G.
226 1245 259 1304 G.
277 1245 313 1304 15
329 1243 391 1305 feb.
405 1246 492 1304 1596.

218 1338 374 1397 Praeterea
400 1342 466 1396 tam
491 1335 645 1397 beneficia
663 1339 771 1397 curata
796 1336 884 1398 unita
908 1337 1107 1416 quibuscum·
1173 1329 1176 1334 ’

177 1447 238 1507 que
252 1427 461 1507 monasteriis,
478 1433 508 1490 et
522 1429 599 1504 locis
615 1428 673 1507 piis
694 1447 732 1488 ex
747 1447 816 1508 cap.
836 1433 866 1506 7,
881 1447 956 1490 sess.
969 1433 999 1505 7,
1013 1447 1115 1509 quam.

178 1521 273 1582 etiam
294 1539 444 1599 personas
466 1525 646 1583 exercentes
669 1539 778 1582 curam
802 1522 978 1582 animarum
992 1522 1024 1582 iu
1039 1540 1108 1584 mo-

178 1613 320 1676 nasteriis
344 1613 547 1694 regularium,
561 1615 673 1693 quibus
694 1633 732 1675 ea
756 1633 832 1676 cura
855 1613 997 1676 imminet
1017 1613 1108 1695 juxta

178 1725 247 1784 cup.
267 1708 314 1784 11,
331 1725 406 1768 sess
421 1710 470 1784 25,
486 1709 529 1767 De
545 1707 644 1787 regul.
660 1707 752 1788 (Eud.
768 1707 855 1786 dart.)

138 1828 140 1831 f
218 1802 269 1860 11ο
283 1799 455 1878 Episcopus
471 1803 657 1878 potestatem
672 1801 768 1861 habet
782 1799 927 1861 visitandl
943 1801 1107 1862 societates

177 1910 381 1972 personarum
390 1892 577 1954 secularium
585 1893 617 1952 in
626 1893 765 1954 ecclesiis
778 1893 972 1971 regularium
983 1912 1107 1971 exemp-

177 1989 281 2047 tarum
295 1985 474 2063 existentes
489 2004 552 2046 non
581 1989 687 2048 autem
711 2004 819 2045 earum
844 1986 992 2063 capellas,
1010 1989 1044 2046 et
1064 1985 1107 2046 al-

176 2078 266 2154 taria,
281 2096 351 2157 quae
376 2078 459 2138 intra
476 2078 604 2140 easdem
630 2078 777 2139 ecclesias
800 2076 982 2138 consistunt.
1001 2076 1045 2151 (C.
1069 2075 1103 2140 C.

174 2171 294 2250 januar.
312 2173 413 2244 1598.)
747 2187 748 2190 ’

77 2280 82 2288 ’
218 2263 279 2325 Sed
306 2263 338 2323 in
360 2262 527 2341 posteriori
550 2263 760 2324 declaratione
781 2262 922 2342 ejusdem
946 2264 1043 2342 Gong.
1067 2263 1107 2334 tin

179 2355 352 2433 (inordina,
376 2360 413 2416 99
436 2363 509 2436 sept.
540 2359 626 2432 1600)
656 2356 725 2418 haec
749 2355 927 2416 hahentur:
953 2355 1106 2434 Episcopo

177 2451 224 2508 est
241 2449 372 2510 facultas
386 2447 532 2515 visitandi
556 2449 720 2510 societates
741 2447 893 2510 laicorum
914 2447 946 2508 in
968 2448 1106 2510 ecclesiis

176 2542 368 2621 regularium
393 2541 536 2620 quamvis
564 2546 796 2621 exemptarum,
814 2541 997 2619 existentes,
1011 2546 1105 2622 atquc
1209 2546 1210 2550 ’
1251 2587 1258 2596 ,

176 2633 271 2694 etiam
286 2632 421 2712 capellas
435 2634 591 2696 dictorum
603 2634 758 2696 sodalium
773 2635 849 2696 inibi
868 2635 954 2712 sites,
966 2646 1107 2716 quotenus

177 2725 340 2788 eorumdem
363 2725 505 2786 sodalium
524 2725 807 2787 administrationem
827 2727 996 2806 respiciant,
1013 2731 1106 2807 atque

175 2819 270 2881 etiam
282 2839 301 2880 a
316 2818 500 2880 societatum
517 2817 821 2882 administratoribus
836 2819 991 2881 rationem
1004 2820 1106 2880 admi-

176 2910 367 2974 nistrationis
379 2911 514 2992 exigere.
847 2926 848 2929 ’

216 3006 255 3066 Et
269 3003 414 3084 denique,
431 3003 464 3063 in
478 3002 620 3065 Nuceria.
637 3004 788 3085 Papauer.
806 3008 853 3079 (23
863 3005 932 3084 jun.
947 3006 1046 3080 16291,
1059 3004 1107 3064 ul-

176 3097 324 3160 teriorem
346 3096 585 3176 explicationem
607 3097 760 3160 hahemus
775 3117 781 3159 :
798 3099 837 3159 lot
859 3098 885 3158 si
906 3094 1106 3159 societatibus

176 3190 338 3252 incumbat
352 3209 430 3252 onus
445 3190 669 3251 manutenendi
694 3190 803 3266 altare,
814 3194 846 3251 et
870 3190 952 3250 illius
974 3189 1103 3267 cultum,

178 3284 346 3365 episcopus
357 3287 460 3362 potest
468 3283 595 3346 visitare
607 3283 736 3345 circaea
746 3300 815 3362 quae
826 3281 997 3362 respiciunt
1006 3282 1107 3361 ipsam

177 3376 459 3452 manutentionem,
473 3377 592 3438 cultum
607 3380 638 3438 et
652 3379 837 3440 ornamenta
854 3375 971 3452 altaria,
984 3395 1039 3438 seu
1054 3395 1106 3438 ca-

177 3470 383 3548 pellae,onera
392 3468 557 3532 missarum
567 3488 605 3532 ac
616 3469 794 3531 divinorum
803 3467 978 3546 officiorum
987 3468 1115 3544 ibidem,
