2584 4022
171 235 211 298 86
393 249 627 300 1usr1rnr1onss
648 253 730 301 runis
753 253 909 300 concrum.
988 305 991 310 ,

175 394 1112 480 descriptassibitransmittipostulat‚etiamextrajudioinm

175 488 382 567 recipiendos,
398 492 429 550 et
442 488 544 551 solum
559 491 777 568 ministerium,
790 490 855 552 sive
871 490 956 550 nuda
970 489 1111 552 executio

175 581 326 642 examinis
340 585 411 660 post
435 587 578 661 receptos
594 587 625 645 et
636 585 826 663 approbatos
837 583 904 664 jam
919 587 1013 645 testes
1027 601 1113 644 corn-

175 675 331 748 mittstur;
348 675 407 736 nisi
420 675 596 738 sintcausae
609 677 797 754 criminales,
812 677 844 738 in
857 676 970 756 quibus
980 674 1113 754 ipsemet

171 767 270 849 judex
292 771 387 830 testes
413 768 553 848 recipere
577 773 608 832 at
632 770 812 831 examinare
831 769 949 842 debet3
977 768 1028 830 vel
1052 767 1111 828 nisi

174 860 218 921 illi
239 860 292 940 qui
312 860 346 920 in
364 863 459 923 testes
478 863 714 941 producuntur,
737 863 799 924 sint
818 879 960 940 persona
985 860 1112 940 privile·

174 954 279 1034 giatae,
296 959 351 1014 aut
365 971 449 1033 aegre
461 955 568 1016 venire
583 956 703 1035 possint
724 955 764 1016 ad
789 955 894 1016 locum
905 954 1027 1035 judicii,
1043 954 1109 1034 qui-

174 1047 244 1123 hus,
271 1049 306 1108 ut
328 1046 413 1107 domi
434 1065 499 1108 suae
524 1066 582 1127 per
609 1047 780 1110 submissas
808 1065 957 1127 personas
982 1047 1111 1109 idoneas

174 1137 392 1200 examinentur
405 1139 437 1199 in
450 1141 553 1204 causis
564 1142 677 1203 saltem
692 1138 845 1217 civilibus,
863 1139 1054 1202 conceditur.

212 1233 281 1293 Non
307 1232 413 1312 plures
435 1232 539 1311 simul,
556 1234 612 1296 sed
635 1233 749 1313 singuli
769 1233 928 1312 sigillatim
946 1235 977 1293 et
991 1237 1110 1294 secreto

174 1324 373 1388 examinandi
388 1329 460 1388 sunt
484 1327 538 1407 (ad
556 1327 732 1389 cavendum
744 1326 863 1388 scilicet
883 1343 976 1388 omne
989 1325 1112 1405 perieu-

172 1420 249 1497 lum,
266 1437 305 1480 ne
319 1437 357 1480 ex
370 1419 479 1481 favore
489 1421 605 1499 potine,
623 1429 720 1500 quam
731 1419 863 1482 veritate
878 1419 963 1480 idem
974 1419 1112 1498 deponat

173 1513 295 1592 aliquis,
320 1513 405 1591 quod
419 1513 499 1574 alter
522 1513 690 1592 deposuit).
706 1513 878 1592 Diligenter
898 1515 973 1574 ¹sunt
992 1511 1110 1573 exami-

174 1605 280 1682 nandi,
293 1623 357 1666 non
368 1604 469 1666 solnm
484 1624 580 1685 super
595 1605 733 1685 negotio,
749 1623 806 1666 seu
821 1623 917 1667 eausa
931 1604 1108 1685 principali,

174 1699 229 1759 sed
252 1697 347 1760 etiam
363 1697 402 1759 de
417 1699 549 1776 ratione,
566 1717 622 1759 seu
636 1715 731 1759 causa
743 1698 891 1776 scicntia,
910 1699 949 1759 de
969 1697 1111 1778 personis

172 1791 310 1869 testium,
326 1795 357 1854 et
375 1791 504 1872 singulis
519 1790 775 1864 circumstantiis3
791 1791 991 1871 nequeenim
1004 1809 1110 1852 oense·

171 1888 223 1947 tur
245 1885 336 1963 scire,
367 1885 420 1966 qui
442 1885 541 1947 nescit
561 1885 726 1960 rationem,
755 1901 811 1945 seu
832 1903 960 1946 eausam
976 1884 1109 1945 reddere

172 1977 239 2058 ejus
253 1979 338 2058 quod
352 1979 473 2040 asserit.

212 2070 441 2132 Abstinendum
455 2075 561 2133 tamen
581 2075 629 2132 est
653 2089 716 2132 non
732 2070 834 2132 solum
857 2070 897 2130 ab
912 2068 1105 2148 incongruis,

173 2165 204 2226 et
212 2162 290 2224 nihil
300 2164 341 2224 ad
354 2181 421 2224 rem
431 2163 617 2227 facientibus
626 2162 932 2244 interrogationibus,
945 2162 1001 2224 sed
1011 2161 1106 2223 etism

172 2275 191 2317 a
217 2255 349 2317 nimium
372 2257 544 2338 exquisitis,
574 2257 771 2320 considerata
797 2256 947 2336 qualitate
962 2273 1105 2335 personae

172 2369 242 2430 quae
258 2350 465 2429 examinatur,
487 2354 518 2412 et
531 2370 656 2431 semper
668 2350 827 2412 moderari
840 2349 934 2412 debet
944 2348 1043 2430 judex
1058 2347 1106 2408 ni·
1153 2365 1155 2370 ·

172 2445 269 2504 miam
280 2445 407 2506 testium
418 2444 662 2521 multitudinem,
678 2445 766 2506 itaut
780 2461 843 2504 non
853 2442 1014 2522 permittat
1023 2442 1106 2503 ultra

173 2535 459 2614 quadragenarium
483 2553 649 2596 numerum
670 2535 797 2597 testium
810 2534 1042 2598 multitudinem
1056 2552 1106 2595 su-

171 2643 229 2704 per
241 2643 302 2686 uno
318 2626 493 2704 eodemque
507 2626 639 2688 articulo
651 2627 813 2688 excedere.

384 2771 394 2824 s
408 2773 442 2814 lv.
457 2780 489 2814 ot
499 2781 671 2814 rnnnicorronn
684 2780 890 2816 A'l'l'llt'l'momffl.

213 2894 307 2956 XXV.
334 2891 479 2966 anorcdo
492 2891 628 2973 faciendo
645 2893 685 2955 sit
697 2892 915 2954 attestationum
929 2891 1102 2973 publicatio,

173 2989 204 3048 et
218 3005 257 3048 an
271 2985 425 3066 pertineat
437 2987 478 3048 ad
495 2986 702 3050 substantiam
713 2987 898 3066 processus?
911 2987 989 3048 ltem
1003 3003 1044 3045 an
1057 2987 1104 3046 at-
1153 3015 1156 3023 ·

172 3080 353 3142 testationes
365 3086 499 3160 receptae
510 3079 542 3141 in
557 3098 620 3142 uno
632 3080 750 3162 judicio
769 3079 966 3160 publicandae
980 3078 1052 3152 sint,
1069 3080 1104 3139 ut

169 3173 303 3249 probent
317 3176 348 3234 et
360 3173 456 3235 fidem
468 3172 585 3235 faciant
595 3175 629 3235 in
641 3174 701 3236 alio
715 3172 854 3254 judicio?
865 3171 1103 3234 Examinatione

171 3264 298 3326 testium
307 3265 399 3343 facta,
413 3271 444 3329 et
455 3271 622 3349 postquam
633 3267 773 3330 ulteriori
782 3265 979 3346 productioni
990 3283 1103 3327 renun-

172 3357 291 3420 tiarunt
303 3362 418 3438 partes,
431 3360 578 3442 adquam
591 3361 768 3424 faciendam
783 3379 803 3424 a
811 3360 919 3442 judice
930 3359 1036 3422 induci
1048 3360 1104 3422 da-

172 3449 258 3527 bent,
275 3449 390 3514 debent
401 3455 616 3518 attestationes
628 3453 661 3515 in
675 3457 794 3519 secreto
810 3457 956 3536 recepte,
969 3457 1102 3536 utraque
