2586 4020
561 266 600 317 ns
620 269 757 320 sumens.
1070 258 1126 322 137

197 415 358 498 propriam
380 412 611 494 ignorantiam,
641 413 691 476 vel
712 411 937 494 negligentiam
958 412 1011 495 jus
1035 431 1129 486 suum

197 508 345 588 consequi
355 507 470 587 possit:
483 510 514 568 et
526 506 599 568 hinc
609 507 777 587 appellatio
786 507 912 587 proprie
921 506 1014 584 diota,
1023 508 1128 588 quoad

197 601 422 678 substantiam,
448 603 495 661 est
514 599 595 680 juris
611 600 781 677 naturalis,
798 600 872 680 quia
887 602 934 664 est
946 601 1128 680 presidium

197 693 395 770 innocentiae,
412 693 516 772 quoad
531 691 735 754 formalitates
744 710 831 771 vero,
846 711 900 754 seu
915 693 1128 759 solemnitates

198 786 428 868 appellationis,
443 789 490 846 est
498 784 578 866 juris
591 785 726 863 positivi.

238 881 275 942 ΙΙ.
294 879 374 952 Ouid
398 879 438 942 sit
460 877 653 958 snpplicatio,
677 881 708 940 et
731 877 888 959 quomodo
917 877 1126 959 appellatione

199 972 342 1036 differat?
352 971 545 1050 supplicatio
560 971 697 1050 proprie,
713 975 744 1034 et
757 972 863 1034 stricte
878 971 972 1049 dieta,
988 975 1082 1052 prout
1095 971 1128 1033 in

198 1067 259 1128 hoe
270 1064 360 1127 titulo
371 1063 533 1143 accipitur,
550 1063 636 1125 aliud
652 1067 784 1142 nonest,
801 1082 897 1146 quam
911 1063 1038 1126 humilis
1051 1063 1129 1144 peti·

198 1159 258 1236 tio,
280 1175 337 1237 per
356 1173 452 1237 quem
471 1156 606 1236 allegata
626 1157 774 1235 laesione,
801 1158 868 1220 sine
891 1156 1086 1238 gravamine,
1108 1173 1129 1219 a

198 1251 351 1333 principe,
369 1268 399 1311 v.
417 1267 462 1329 g.,
479 1249 613 1329 petitur,
629 1253 665 1312 ut
676 1250 830 1312 sententia
848 1251 913 1312 lata
928 1256 1039 1313 contra
1050 1268 1127 1330 sup·

199 1344 386 1425 plicantem,
408 1359 447 1404 ex
464 1359 553 1402 mera
576 1342 698 1421 gratia,
715 1346 747 1404 et
763 1342 955 1422 benignitate
978 1340 1128 1423 principis

199 1439 400 1510 retractetur;
415 1453 489 1496 oum
502 1434 586 1496 enim
598 1435 791 1497 ordinarium
801 1436 1018 1516 appellationis
1026 1451 1129 1496 remc-

200 1531 288 1592 dium
302 1528 375 1590 huic
397 1527 528 1590 fortasse
543 1545 606 1590 non
620 1531 789 1610 competat,
806 1545 931 1609 aequum
944 1527 1125 1606 videbatur,

199 1625 235 1685 ut
257 1620 503 1684 extraordinario
528 1621 668 1685 remedio
690 1620 927 1701 supplicationis
951 1621 980 1682 ei
1000 1638 1129 1683 suecor-

199 1717 297 1778 ratur.
315 1714 425 1774 Differt
437 1717 543 1774 autem
564 1713 605 1778 ab
620 1714 828 1796 appellatione
843 1715 956 1793 primo,
973 1713 1058 1794 quod
1072 1731 1128 1793 ap·

198 1807 323 1888 pallatio
339 1806 510 1885 suspendat
523 1808 739 1870 executionem
753 1808 927 1885 sententiae,
943 1825 1007 1868 non
1022 1809 1128 1869 autem

199 1899 383 1982 supplicatio
411 1899 518 1962 stricte
543 1899 626 1962 dicta
644 1901 736 1980 (quae,
754 1918 826 1962 cum
848 1917 970 1962 meram
992 1899 1127 1978 gratiam

200 1995 331 2074 quaerat,
349 1991 564 2054 executionem
574 1993 726 2072 impedire
740 2011 804 2055 non
817 1992 934 2073 debet),
949 1993 1006 2054 sed
1023 1991 1127 2054 cautio

200 2087 241 2149 ab
256 2105 313 2163 eo,
337 2103 394 2164 pro
409 2103 472 2165 quo
486 2085 550 2148 lata
571 2089 618 2148 est
632 2086 804 2163 sententia,
825 2085 966 2165 praestari
980 2084 1074 2146 debet
1087 2084 1127 2148 de

200 2177 395 2242 restitutione
409 2178 567 2255 facienda,
584 2178 609 2240 si
619 2179 804 2258 'supplicans
820 2196 948 2240 oausam
962 2177 1124 2240 obtinebit.

241 2273 385 2334 Secundo
401 2270 548 2333 differunt
560 2272 642 2332 inter
654 2289 688 2332 se
703 2269 881 2350 appellatio,
897 2277 929 2332 et
942 2268 1128 2348 supplicatio

200 2365 283 2441 haee,
307 2361 391 2443 quod
406 2364 574 2442 appellatio
596 2363 664 2425 fieri
680 2363 794 2426 debeat
807 2363 890 2424 intra
903 2363 1014 2426 decem
1028 2361 1129 2424 diesa

199 2458 263 2520 lata
282 2456 448 2534 sententia,
459 2456 645 2538 supplicatio
657 2459 764 2519 autem
778 2454 897 2518 institui
907 2459 1011 2536 potest
1028 2472 1127 2535 usque

201 2551 241 2612 ad
260 2549 442 2626 biennium,
459 2549 503 2612 ita
523 2553 629 2622 tamen
649 2552 694 2629 ut,
715 2550 741 2612 si
762 2568 825 2612 non
839 2551 895 2612 liat
916 2549 999 2614 iutra
1019 2549 1129 2616 decem

200 2643 286 2720 dies,
303 2642 359 2703 sed
380 2641 462 2703 intra
480 2642 559 2704 duos
579 2660 693 2721 annos,
714 2642 856 2705 executio
878 2641 1040 2706 sententia
1060 2640 1130 2710 ceri

200 2735 308 2816 possit,
319 2734 414 2796 etiam
425 2734 511 2796 nulla
525 2735 665 2816 praestita
677 2736 891 2798 satisdatione.

240 2828 346 2890 Tertio
360 2827 520 2905 differunt,
533 2828 615 2907 quod
629 2828 796 2907 appellatio
811 2828 866 2890 fiat
880 2829 921 2891 ad
935 2826 1129 2907 superiorem

197 2920 353 3002 judicem,
373 2919 648 3000 supplicationem
667 2921 852 3000 plerumque
866 2921 908 2982 ad
922 2920 1061 2982 eundum
1077 2917 1130 2999 ju·

200 3014 312 3090 dicem,
328 3013 513 3093 prinoipem,
529 3030 559 3075 v.
577 3031 621 3090 g.,
640 3012 693 3093 qui
704 3013 892 3074 sententiam
901 3012 981 3074 tulit.

241 3108 357 3179 Quarto
373 3105 536 3183 differunt,
551 3105 636 3186 quod
651 3105 817 3186 appellatio
832 3105 872 3165 sit
891 3101 1067 3166 remedium
1081 3120 1129 3166 or·

202 3197 726 3278 dinariuminjustitiafundatum3
741 3197 1014 3278 supplicationem
1033 3198 1130 3261 titre-

200 3293 341 3355 medium
357 3291 640 3354 extraordinarium
652 3291 684 3352 in
700 3291 802 3372 gratia
816 3289 975 3372 principis,
993 3289 1042 3353 oui
1057 3308 1131 3371 sup·

202 3385 353 3467 plicatur,
382 3384 566 3464 fundatum,
592 3387 670 3462 eta,
696 3383 921 3466 posterioribus
948 3386 1055 3447 tamon
1080 3383 1130 3446 his

203 3479 398 3560 temporibus
419 3478 609 3542 beneficium
621 3477 784 3554 revisionis
799 3477 840 3543 ad
863 3478 1041 3561 exemplum
1058 3493 1130 3558 sup·
1189 3497 1191 3504 ·

993 3583 1024 3640 ga
