2584 4022
476 305 478 312 ¹
523 276 562 322 nn
583 277 719 324 sumtus.
955 332 957 337 s
1041 261 1076 324 tl

154 425 271 484 temere
287 418 388 497 futen,
404 419 569 480 hincrecte
585 417 709 498 dicitur,
719 437 777 500 per
790 437 861 482 eam
874 419 941 482 tolli
955 436 1082 484 omnem

151 513 230 597 juris
252 519 283 574 et
297 511 420 592 dejure
434 511 727 591 presumptionem,
743 510 900 574 notorium
912 510 1029 588 induci,
1051 517 1083 574 et

154 606 382 668 admittendam
391 623 428 666 ac
442 605 633 666 audiendam
644 605 749 681 etiam,
766 607 932 684 postquam
941 604 974 666 in
987 621 1083 665 causa

154 698 337 762 conclusum
350 697 459 774 est,ita
469 703 504 760 ut
518 716 556 756 ex
570 715 608 758 ea
617 697 691 759 ferri
702 697 800 776 possit
808 697 961 760 sententia
976 695 1084 758 deflui·

154 791 233 869 tiva,
255 790 398 870 quamvis
421 807 586 870 processus
608 793 738 870 propter
759 789 901 854 ordinem
920 789 1000 870 juris
1019 805 1083 850 non

155 887 314 948 servatum
328 883 431 944 nullus
453 889 552 960 essct,
569 901 671 964 neque
685 881 872 962 regulariter
888 881 993 946 taliter
1009 899 1084 944 oon-

155 977 254 1040 fessus
264 976 425 1056 appellare
439 973 547 1054 possit.

196 1069 325 1130 Plurimi
339 1072 446 1132 tamen
456 1067 626 1145 affirmant,
637 1068 731 1131 ctiam
741 1068 773 1129 in
785 1068 846 1130 hoc
860 1087 935 1130 casu
948 1066 1084 1148 propriae

157 1161 359 1225 confessionis
371 1160 546 1242 judicialia,
567 1162 755 1224 sententiam
764 1160 880 1241 judicis
893 1160 1086 1222 definitivam

156 1255 286 1337 requiri,
304 1273 373 1336 quae
389 1255 463 1317 ferri
477 1254 590 1333 debeat
603 1260 712 1317 contra
726 1255 903 1318 confessum
914 1253 1084 1333 injudicio,

158 1366 230 1411 cum
239 1346 395 1428 judicium
405 1347 501 1409 semel
515 1353 654 1426 coeptum
670 1365 728 1426 per
740 1349 928 1409 sententiam
941 1346 1088 1407 dirimen-

158 1441 235 1504 dum
246 1440 296 1519 sit,
316 1447 348 1502 et
358 1439 456 1521 judex
468 1459 564 1520 super
578 1457 690 1518 causa,
707 1439 746 1504 de
759 1459 822 1520 que
834 1439 997 1520 cognovit,
1014 1455 1088 1518 pro-

158 1533 302 1596 nuntiare
324 1533 456 1611 debeat,
478 1540 509 1595 et
528 1531 602 1594 hinc
616 1539 701 1595 recte
720 1532 835 1596 dicitur
853 1531 1086 1614 quodammodo

159 1645 216 1712 pro
232 1624 389 1708 judicato,
404 1632 436 1689 et
455 1625 520 1688 vim
534 1627 696 1689 sententiar
709 1626 858 1708 judicatae
869 1626 952 1689 hanc
966 1625 1089 1688 confes-

159 1717 278 1805 sionem
299 1715 428 1796 habere,
445 1737 541 1799 quam
562 1721 750 1784 sententiam
769 1719 887 1800 requiri
902 1720 997 1782 etiam
1018 1713 1089 1798 post

158 1812 388 1877 confessionem
400 1818 606 1892 spontaneam
620 1813 681 1891 rei,
697 1812 729 1874 in
744 1813 846 1876 causis
858 1811 1086 1887 criminalibus,

159 1910 280 1967 certum
290 1911 346 1967 est.

200 1999 307 2060 Potest
320 1999 426 2060 autem
440 1997 592 2061 confessio
614 2000 736 2084 aperte
757 1999 898 2080 litigante
920 1999 953 2060 in
970 1995 1089 2081 judicio

161 2090 261 2168 facta,
277 2091 421 2153 revocari
442 2090 641 2169 abeodem,
658 2092 684 2154 si
712 2093 744 2153 in
765 2092 934 2155 continenti
954 2093 1023 2156 haec
1036 2093 1092 2154 ssat

160 2181 329 2260 revocatio,
345 2186 376 2244 et
387 2201 407 2244 a
418 2189 507 2262 parte
521 2184 655 2246 adversa
668 2186 811 2246 nondum
822 2184 862 2246 sit
876 2186 967 2264 plene
980 2203 1092 2263 accep-

161 2280 228 2344 tata
242 2275 394 2338 confessio
410 2276 481 2338 talis
496 2276 592 2356 (quod
603 2277 687 2336 enim
705 2295 762 2354 per
773 2277 1022 2355 acceptationem
1036 2276 1092 2337 ad-

162 2367 301 2431 versario
310 2369 362 2448 jus
377 2369 545 2449 quaesitum
558 2369 632 2443 fuit;
650 2369 746 2431 invito
756 2368 817 2430 hoc
829 2368 943 2430 auferri
958 2387 1021 2430 non
1035 2387 1093 2447 po·

162 2461 245 2540 test),
261 2479 299 2523 ex
316 2462 480 2524 intervallo
492 2479 567 2523 vero
586 2461 729 2524 revocari
747 2480 786 2523 ea
805 2480 869 2524 non
885 2464 1010 2542 potest,
1032 2459 1093 2522 nisi

163 2571 252 2620 error
265 2555 427 2634 probetur,
445 2558 615 2635 antequam
627 2555 855 2618 sententielate
869 2559 926 2619 est.

202 2647 254 2710 IV.
277 2645 326 2708 An
340 2648 479 2728 consessio
494 2648 579 2710 ccicc
593 2649 744 2712 criminosi
750 2649 833 2730 facta
846 2650 878 2712 io
884 2649 1002 2732 judicio
1010 2666 1094 2730 prcc-

160 2736 274 2818 judicet
284 2740 363 2818 aliis,
378 2741 423 2801 ita
434 2744 469 2802 ut
483 2761 521 2802 ca
530 2743 725 2805 admittenda
744 2744 801 2821 sit,
817 2747 849 2805 et
868 2744 980 2823 probet
999 2742 1094 2803 etiam

165 2833 315 2894 adversus
333 2834 411 2895 alios
432 2835 533 2896 socios
555 2836 716 2898 criminis?
730 2839 823 2916 Resp.
849 2837 1018 2916 negative,
1035 2834 1095 2896 nisi

165 2925 234 2986 aliis
246 2925 392 3006 legitimis
404 2926 652 3006 probationibus,
669 2929 719 2990 vel
733 2929 959 3008 perpropriam
973 2929 1095 2988 confes-

165 3017 296 3097 sionem,
318 3026 391 3098 etc.,
406 3039 477 3081 reos
492 3039 545 3082 ecs
561 3040 628 3082 esse
643 3021 833 3098 constiterit,
849 3019 991 3099 quamvis
1006 3018 1031 3080 si
1050 3017 1096 3078 in-

165 3111 262 3173 famia
282 3113 389 3194 alique
403 3113 557 3190 laborent,
583 3113 728 3192 purgatio
746 3113 898 3174 canonica
920 3111 980 3172 illis
1000 3109 1096 3172 indici

165 3205 282 3284 possit:
298 3206 445 3286 aequitate
455 3205 521 3267 scil.
535 3205 579 3268 ita
589 3223 698 3266 acrum
708 3205 791 3282 vitae,
801 3224 832 3268 v.
847 3206 1093 3284 g.,ccnsulente,

165 3301 201 3359 ut
213 3304 321 3360 tamen
335 3300 426 3360 famae
442 3317 552 3360 eorum
567 3297 644 3360 nihil
659 3297 820 3360 adhaereat
831 3300 975 3362 meeulae.
997 3300 1096 3360 lmmc

167 3390 325 3454 ordinarie
340 3395 372 3453 ct
380 3392 568 3472 regulariter
580 3392 619 3453 de
634 3391 770 3453 criminis
783 3392 885 3471 sociis,
899 3410 955 3454 scu
971 3392 1098 3472 compli-

168 3482 257 3550 cibus
269 3481 456 3566 interrcgeri
471 3503 534 3550 non
548 3485 643 3551 debet
656 3502 729 3550 reus
744 3486 783 3551 de
801 3504 834 3553 sc
848 3487 881 3550 in
896 3477 1015 3572 judicio
1038 3485 1098 3548 cri-

240 3606 302 3652 tob.
323 3607 362 3653 ιιι.
1009 3596 1026 3654 4
