2578 4012
233 279 293 352 '252
448 261 677 349 msmrurmues
697 301 780 347 rums
801 299 955 347 caucium.

234 465 344 509 eorum
359 445 507 518 existunt3
524 444 576 506 alii
591 449 662 524 post
676 443 843 523 dignitates
858 447 890 506 et
904 445 1071 506 canonicos
1086 445 1168 508 elte-

232 540 297 602 riue
311 539 408 619 partis
428 538 583 618 (sedentes
604 555 624 596 a
638 536 774 597 dexteris
790 536 878 598 chori
899 537 1080 600 immediate
1092 544 1167 618 post

232 629 548 712 canonicosejusdem
559 630 669 709 partis3
683 635 713 690 et
723 629 867 690 sedentes
877 630 1036 691 esinistris
1050 631 1166 694 imme-

232 725 315 787 diate
330 726 401 804 post
415 723 581 785 canonicos
604 721 746 801 ejusdem
760 721 955 799 partiat—S.
972 725 1070 802 (long.
1098 725 1161 786 Rit.

230 809 333 880 ddees
346 819 435 878 1611.

290 967 319 1006 ll·
335 972 454 1006 Pssoeflllfl
466 972 545 1014 Quom
558 971 757 1004 mmmmm
771 971 800 1002 ET
813 971 902 1004 Htw!
916 971 1093 1004 rhamnum.

269 1084 293 1142 l.
316 1080 507 1143 Proedieatio.
532 1083 562 1140 1ο
583 1078 714 1140 Peroohi
727 1077 874 1140 tenentur
891 1097 947 1157 per
961 1098 994 1139 se
1007 1079 1091 1159 ipsos
1108 1083 1163 1142 vel

229 1173 306 1235 alios
317 1173 463 1249 idoneos,
479 1172 504 1232 si
518 1170 657 1250 legitime
668 1170 809 1248 impediti
819 1170 953 1247 fuerint,
972 1170 1081 1231 diebus
1097 1172 1163 1232 sal-

228 1268 291 1326 tem
301 1263 465 1325 dominicis
476 1271 507 1325 et
518 1262 604 1324 festis
618 1262 811 1324 solemnibus
823 1262 930 1340 plebes
943 1263 1003 1323 sihi
1015 1264 1161 1326 commis

227 1375 278 1418 aas
292 1375 422 1437 pascere
437 1355 661 1436 predicatione
680 1355 779 1416 verbi.
795 1357 842 1416 lta
856 1373 943 1416 conc.
960 1354 1059 1432 rrid„
1076 1374 1101 1417 o.
1117 1360 1158 1434 5,

226 1453 270 1510 De
286 1450 362 1527 ret,
377 1467 404 1511 c.
426 1452 464 1525 2,
483 1446 567 1528 quod
589 1447 684 1508 etiam
706 1447 837 1508 modum
857 1447 975 1509 indicat
999 1465 1061 1526 quo
1084 1467 1161 1527 pas-

226 1544 309 1602 tores
334 1540 450 1601 debent
474 1557 548 1601 oves
569 1538 627 1599 sihi
646 1538 829 1600 commissas
843 1538 1031 1601 salutaribus
1052 1540 1159 1602 verbis

226 1650 365 1712 pascere.
405 1633 524 1692 Docere
557 1648 631 1709 ergo
666 1631 783 1692 debent
805 1631 936 1711 parochi
972 1650 1042 1711 quae
1074 1633 1157 1694 scire

225 1724 370 1786 omuibus
396 1722 607 1784 necessarium
627 1726 675 1785 est
699 1723 908 1800 adsalutem,
939 1724 1156 1786 annuntiando

224 1833 297 1878 cum
310 1815 463 1876 brevitate
475 1822 506 1876 et
517 1813 664 1876 facilitate
678 1814 831 1876 sermonis
849 1815 925 1877 vitia
940 1834 1010 1895 quae
1028 1835 1082 1878 eos
1101 1816 1158 1877 de-

224 1909 360 1986 clinare,
376 1911 407 1970 et
419 1908 550 1969 virtutes
565 1925 643 1987 ques
662 1906 774 1969 sectari
791 1911 951 1986 oporteat,
975 1912 1010 1970 ut
1026 1927 1157 1988 poenam

224 2005 373 2062 aeternam
402 2000 536 2061 evadere
573 2002 605 2060 et
645 2000 805 2061 coelestem
842 2000 975 2079 gloriam
1005 2001 1156 2082 consequi

222 2093 357 2156 valeant.

262 2187 412 2247 Peceoret
431 2183 570 2263 graviter
592 2182 768 2263 parochus,
792 2183 888 2244 etiam
910 2184 1042 2264 praecisa
1064 2187 1156 2264 gravi
1268 2249 1269 2262 p

221 2278 328 2359 populi
358 2277 567 2352 necessitate,
592 2275 617 2336 si
639 2275 739 2337 trihus
762 2277 923 2337 mensibus
953 2277 1049 2338 totius
1077 2278 1153 2338 anni

221 2369 425 2432 discontinuis
435 2387 491 2448 per
504 2386 537 2429 se
550 2367 600 2428 vel
612 2385 669 2445 per
683 2367 761 2428 elios
775 2385 838 2428 non
849 2369 1100 2431 concionaretur.
1116 2369 1154 2430 Id

221 2462 385 2542 colligetur
398 2479 437 2521 ex
457 2458 560 2521 verbis
575 2477 663 2521 cone.
685 2459 790 2535 Trio„
814 2460 970 2522 monentis
992 2461 1154 2540 cogendos

221 2571 287 2613 esse
301 2571 360 2630 per
373 2570 506 2612 censuras
523 2554 555 2611 et
568 2551 644 2611 aliae
664 2569 774 2629 poenas
796 2552 951 2628 parochos
977 2553 1032 2632 qui
1054 2553 1152 2614 trium
1267 2547 1268 2614 i

220 2643 374 2706 meusium
389 2643 488 2722 spatio
502 2643 626 2704 muneri
637 2661 694 2704 suo
709 2642 875 2704 defuerint.

258 2741 289 2798 2⁰
309 2738 443 2798 Possunt
455 2734 583 2814 parochi
598 2753 655 2813 per
669 2753 702 2795 se
717 2735 802 2813 ipsos
814 2735 896 2796 iuter
908 2735 1075 2796 missarum
1095 2757 1150 2800 so-

216 2829 333 2892 lemnia
358 2845 536 2890 sermonem
558 2827 694 2905 habere,
722 2826 817 2889 etiem
834 2827 959 2906 quando
980 2828 1148 2909 episcopus

217 2923 283 3001 ipse
303 2920 453 3001 praedicat
468 2919 512 2998 (S.
527 2920 624 2998 Gong.
642 2937 730 2980 conc.
748 2921 782 2980 ll
802 2919 871 2998 jun.
890 2918 990 2998 1731),
1006 2919 1060 2981 ubi
1075 2923 1149 2983 suh-

217 3015 262 3077 dit
275 3014 307 3075 id
322 3031 384 3075 non
405 3009 536 3089 intelligi
556 3014 700 3092 respectu
724 3012 935 3091 parochorum
955 3012 989 3073 iu
1011 3013 1148 3074 ecclesia
1265 3021 1266 3024 ’

198 3103 397 3185 parochiali.
422 3106 497 3164 llaec
518 3094 688 3165 declaratio
709 3105 841 3165 alteram
862 3104 997 3183 explicat
1021 3105 1050 3184 (2
1070 3105 1146 3166 maii

208 3197 304 3277 ’1629)
326 3195 468 3276 ejusdem
486 3196 583 3273 Gong.
607 3194 771 3257 statuentis
787 3192 883 3272 quod,
901 3195 977 3256 dum
992 3196 1145 3276 praedicat

215 3288 378 3367 episcopus
391 3333 400 3365 ,
413 3287 504 3349 silere
519 3287 654 3349 debeant
671 3286 722 3347 alii
737 3284 971 3365 proedicatores.
987 3287 1142 3366 Episcopo

214 3375 394 3438 solemniter
418 3378 594 3440 celebrante
616 3396 678 3438 non
702 3377 791 3437 decet
813 3377 942 3440 ¹omnino
964 3397 1142 3440 sermonem

216 3465 335 3550 heberi,
359 3468 417 3530 nisi
443 3468 492 3530 vel
516 3467 556 3530 ab
577 3469 710 3546 ipsomet
730 3466 875 3550 episcopo
899 3470 948 3532 vel
971 3471 1012 3532 ab
1035 3471 1140 3552 aliquo
