2586 4020
583 303 622 350 ne
642 303 783 385 sonions.
1110 291 1169 352 153

237 465 301 510 non
325 445 454 527 incipiat
477 463 615 524 currere,
642 446 701 508 nisi
721 464 739 507 a
759 452 901 527 tempore
921 447 1070 526 seientia,
1086 449 1172 528 post-

237 559 332 622 quam
347 539 464 601 seilicet
480 557 553 618 pars
574 537 701 619 litigans
716 540 774 602 soit
794 539 981 602 sententiam
1002 548 1112 604 eontra
1137 561 1171 602 se

236 633 334 695 latam
347 651 431 706 esse3
455 633 505 695 vel
519 638 687 726 pneumam
700 633 806 710 seivit,
828 633 854 694 si
876 633 1118 714 extrajudicialis
1132 634 1173 696 sit

236 726 413 807 appellatio,
430 743 604 806 gravamen
621 725 654 786 in
669 726 716 787 sui
730 725 951 806 praejudieium
965 727 1088 788 illatum
1102 745 1170 789 ease

237 823 291 882 aut
312 818 419 880 inferri
446 839 453 880 :
480 818 599 881 sivero
626 818 722 897 eoepit
746 838 883 896 currere,
911 819 1094 882 continuum
1112 820 1172 882 erit

236 929 335 992 usqne
350 911 391 972 ad
405 911 489 972 idem
509 915 661 989 punctum
686 913 848 990 temporis,
870 917 941 992 post
954 915 992 975 l0
1003 912 1070 974 dias
1085 912 1172 993 elap-

235 1023 297 1082 sos,
312 1023 331 1065 a
347 1023 408 1086 quo
430 1004 557 1084 incepit,
575 1005 730 1066 solemnes
752 1005 848 1066 etiam
862 1005 956 1067 ferias
968 1005 1168 1084 includendo,

231 1097 303 1179 jure
327 1098 445 1159 scilieet
467 1102 591 1176 tempus
622 1097 859 1177 interponendae
884 1099 1103 1178 appellationis
1126 1099 1170 1160 sie

236 1191 433 1271 disponente,
457 1193 493 1252 ut
507 1191 669 1271 appellans
685 1191 879 1252 deliberandi
903 1192 1030 1271 quidem
1046 1195 1170 1271 tempus

235 1283 368 1362 habeat,
396 1285 479 1365 quod
493 1289 601 1345 tamen
616 1302 675 1344 neo
698 1285 790 1344 nimis
813 1284 909 1345 breve
924 1285 982 1363 sit,
999 1303 1058 1345 neo
1078 1284 1170 1346 nimis

235 1379 375 1458 longum,
392 1396 465 1439 oum
477 1376 572 1438 etiam
586 1376 705 1438 feriatis
721 1376 831 1437 diebus
844 1377 1004 1456 appellare
1018 1376 1121 1454 lioeat,
1137 1385 1172 1440 ut

235 1489 332 1555 supra
344 1471 473 1534 dietum.

266 1565 307 1626 ‘2⁰
326 1564 371 1625 De
387 1563 534 1646 apostolis,
554 1569 725 1644 attempero
740 1562 805 1624 illos
809 1561 941 1644 petendi.
954 1563 1096 1643 Apostoli
1109 1564 1171 1626 hoo

235 1658 305 1720 looo
331 1657 478 1719 dicuntur
499 1656 610 1720 litterae
638 1656 834 1734 dimissoriae,
860 1675 938 1738 quas
960 1656 1060 1738 judex
1074 1676 1094 1719 a
1108 1676 1170 1738 quo

237 1750 296 1813 fuit
309 1751 513 1831 appellatum,
523 1750 755 1813 transmittitad
761 1750 902 1832 judicem
911 1751 951 1812 ad
960 1769 1054 1832 quem
1062 1757 1109 1812 est
1117 1770 1171 1832 ap-

235 1843 396 1923 pellatum,
409 1843 523 1924 quibus
534 1847 667 1906 testetur
676 1843 803 1921 Titium,
811 1861 842 1906 v.
852 1863 898 1923 g.,
913 1844 1124 1906 asententiaa
1136 1863 1169 1906 sa

234 1935 300 1998 lata
315 1937 501 2017 appellasse.
510 1939 589 1999 Sunt
599 1939 706 1998 autem
715 1937 1046 2016 variae'apostolorum,
1058 1937 1169 1999 seulit

234 2033 374 2091 terarum
396 2029 643 2090 dimissoriarnm
670 2029 810 2108 speeies:
825 2028 877 2091 alii
900 2029 1048 2090 dicuntur
1065 2029 1170 2091 dimis-

236 2121 311 2183 sorii
320 2122 360 2183 ad
367 2117 506 2203 judicem
518 2123 662 2203 adquam
674 2121 795 2199 directi,
805 2121 917 2202 quibus
926 2123 1118 2204 appellatum
1129 2123 1169 2184 ad

235 2213 335 2292 illum,
344 2215 695 2294 etadmiasaappellatio
704 2215 731 2275 ei
739 2215 947 2294 significatum
960 2215 1012 2276 alii
1023 2214 1171 2277 dicuntur

235 2309 457 2369 reverentiales
473 2309 615 2388 apostoli,
634 2307 746 2388 quibua
767 2307 923 2387 signifieat
940 2307 1039 2388 judex
1060 2326 1166 2388 aquo,

236 2400 405 2463 admissam
419 2420 439 2462 a
455 2419 489 2462 se
504 2401 768 2481 appellationem,
785 2419 848 2462 non
870 2399 1047 2481 exjustitia
1061 2419 1166 2480 eausa,
1282 2393 1283 2442 l

234 2495 290 2555 sed
306 2495 347 2556 ob
367 2494 577 2556 reverentiam
591 2493 684 2570 illine,
709 2493 750 2553 ad
774 2511 868 2575 quem
890 2494 1084 2573 appellatum
1099 2497 1165 2569 est;

236 2587 287 2649 alii
301 2587 449 2650 dicuntur
457 2587 644 2664 refutatorii,
658 2586 771 2668 quibus
781 2587 937 2666 signifieat
947 2586 1045 2668 judex
1060 2607 1080 2648 a
1093 2607 1165 2668 que,

232 2680 331 2762 judioi
347 2681 387 2742 ad
403 2699 508 2760 quem,
525 2681 610 2760 quod
627 2699 646 2741 a
661 2699 694 2740 se
707 2680 846 2742 admissa
857 2699 921 2742 non
944 2680 1039 2742 fuerit
1060 2681 1168 2761 appel-

233 2773 320 2852 latio,
337 2773 542 2853 exprimendo
554 2791 682 2843 oausam
698 2774 793 2834 etiam
808 2773 901 2856 hujus
925 2791 989 2834 non
1004 2774 1168 2836 admissio-

235 2867 301 2941 nis3
317 2866 369 2928 alii
388 2867 536 2928 dicuntur
556 2866 820 2943 conventionales
845 2885 923 2946 quos
946 2885 1021 2945 pars
1035 2868 1168 2929 adversa

235 2960 403 3022 admittens
418 2959 660 3039 appellationem
680 2959 735 3020 dat
753 2960 836 3039 parti
856 2960 1039 3040 appellanti,
1056 2959 1167 3021 admit-

233 3057 303 3116 tens
325 3053 578 3134 appellationem,
609 3052 674 3113 sive
697 3051 879 3133 injudicio,
906 3052 1049 3132 quamvis
1070 3051 1168 3132 judex

234 3165 304 3208 eam
318 3165 381 3208 non
403 3144 559 3222 admittat,
574 3145 638 3206 sive
660 3148 748 3206 extra
765 3145 940 3225 judicium3
966 3144 1017 3206 alii
1032 3144 1166 3226 denique

233 3241 387 3302 veoantur
396 3238 633 3316 testimoniales,
650 3238 777 3319 quando
790 3237 1047 3299 seilioetabsente
1060 3238 1166 3319 judioe

233 3351 340 3397 conam
353 3332 475 3395 notario
490 3332 530 3394 sit
537 3331 718 3412 appellatio,
734 3331 779 3392 ite
791 3333 825 3392 ut
839 3331 878 3392 de
888 3331 943 3393 tali
956 3332 1166 3412 appellatione

236 3446 294 3508 per
311 3426 368 3488 hos
384 3426 542 3506 apostolos
556 3427 689 3488 testetur
703 3424 855 3502 notarius,
872 3428 932 3488 ato.

255 3537 256 3542 ’
273 3523 411 3584 Tenetur
420 3521 526 3582 autem
537 3518 636 3601 judex
650 3537 670 3581 a
685 3537 748 3602 quo
766 3518 947 3599 appellanti,
960 3521 992 3582 et
1006 3517 1166 3598 apostolos

1049 3623 1078 3680 ,⁴
