2584 4022
198 239 239 302 38
398 247 730 311 rusrrrcrrounssnnrs
752 249 906 298 cauourcr.

241 392 341 456 Sicuti
350 395 456 456 autem
466 411 561 456 causa
572 393 636 454 sive
646 393 787 456 medium
797 393 1004 458 concludendi
1015 397 1130 477 duplex

200 490 262 566 est,
278 489 454 564 remotum,
471 486 536 548 sive
550 486 679 565 titulus,
695 505 733 547 ex
748 505 809 568 quo
833 505 884 549 res
906 487 1012 569 eliqua
1032 490 1129 554 dehe-

199 585 262 660 im,
278 599 309 642 v.
325 599 371 660 g.‚
389 586 421 641 et
433 579 621 658 proximum,
637 580 722 660 quod
736 583 782 642 est
801 579 866 660 jus,
890 599 921 642 r.
938 600 984 661 g„
1001 600 1128 662 compe-

198 678 287 751 tens,
302 677 333 735 et
347 672 495 752 obligatio
511 673 659 750 alterius,
678 675 752 750 ete,
766 673 811 734 ita
825 674 857 734 in
873 674 1013 754 quolibet
1022 676 1127 740 libello

198 766 402 848 exprimenda
415 769 464 828 est
475 784 570 827 causa
582 765 720 845 petendi,
733 765 877 844 proxima
898 766 962 828 sive
978 773 1101 832 remote
1118 789 1125 832 :

198 864 229 925 et
248 861 282 921 in
305 859 427 921 eodone
452 858 579 938 quidem
599 859 696 935 reali,
715 858 840 938 quando
867 858 972 938 agitur
994 861 1034 922 ad
1059 881 1127 924 rem

197 953 355 1033 aliquam,
372 951 437 1012 sive
455 949 508 1031 jus
523 950 650 1031 aliquod
674 951 732 1012 sibi
753 950 988 1030 vindicandum,
1013 955 1128 1018 sufficit

197 1045 372 1125 exprimere
393 1061 523 1106 causam
536 1043 713 1122 proximam
729 1063 736 1105 :
753 1047 844 1123 peto,
863 1063 894 1107 v.
907 1064 952 1125 g.‚
963 1045 1045 1108 hanc
1059 1066 1127 1110 rem

196 1140 272 1221 (uon
286 1141 408 1200 tantum
422 1136 558 1216 petendo
571 1137 689 1216 aliquid
704 1137 737 1197 in
751 1137 903 1215 confuso,
921 1138 976 1200 sed
987 1159 1056 1214 rem
1071 1141 1128 1202 dc-

195 1230 411 1307 terminando,
429 1247 498 1309 quae
513 1229 641 1309 petitur)
656 1229 733 1290 mihi
751 1228 948 1311 adjudicari,
977 1232 1052 1312 quia
1070 1234 1127 1296 do-

193 1325 297 1386 miuus
310 1323 393 1384 illius
407 1341 488 1401 sum,
505 1321 549 1387 ita
561 1325 596 1384 ut
610 1323 648 1383 de
662 1322 764 1400 titulo,
778 1323 900 1384 ratione
916 1323 1005 1405 cujus
1021 1325 1125 1387 domi·

193 1437 269 1480 num
284 1417 377 1497 hujus
389 1416 435 1477 rei
450 1416 563 1494 habeo,
577 1433 646 1496 quae
658 1434 753 1476 causa
766 1419 890 1478 remota
904 1416 1029 1496 dicitur,
1045 1417 1124 1478 nihil

194 1528 320 1573 necesse
335 1509 375 1570 sit
385 1508 577 1572 mentionem
588 1508 711 1585 facere,
733 1508 792 1569 nisi
815 1508 867 1589 jus
883 1517 1049 1572 commune
1074 1529 1125 1572 re-

193 1604 282 1666 sistat
296 1601 408 1676 actori3
425 1600 458 1662 in
473 1601 594 1662 actione
609 1618 683 1662 vero
699 1601 866 1679 personali,
878 1601 1065 1681 explicanda
1077 1606 1124 1666 eet

194 1713 290 1758 causa
303 1697 445 1771 remota,
471 1693 536 1755 sive
551 1693 659 1755 titulus
678 1693 708 1754 vi
732 1693 821 1773 cujus
836 1711 903 1771 res,
923 1713 1018 1774 quam
1037 1699 1121 1775 peto,

193 1789 270 1849 mihi
286 1788 429 1849 debetur.
443 1789 518 1847 Peto
535 1785 619 1847 bunc
632 1785 776 1864 fundum,
803 1805 833 1848 v.
852 1806 914 1866 gr„
932 1787 1010 1849 mihi
1034 1788 1125 1869 adju·

145 1951 148 1956 ,
193 1881 313 1959 dicari,
342 1881 417 1960 quia
439 1878 577 1958 legitime
598 1879 658 1940 emi
683 1891 788 1957 eum,'
803 1882 876 1955 etc.;
906 1899 944 1942 ex
967 1881 1015 1942 his
1039 1882 1123 1944 enim

193 1973 346 2053 expressis
382 1971 457 2034 satis
481 1970 652 2050 colligitur,
678 1991 741 2032 non
766 1975 889 2034 tantum
919 1991 982 2052 quo
1009 1973 1124 2036 funda-

191 2069 297 2128 mento
311 2068 418 2146 petam
437 2063 570 2144 aliquid,
597 2063 750 2126 sedeatis
773 2067 905 2145 apparet
928 2066 1024 2127 etiam
1052 2085 1122 2147 quae

181 2159 273 2230 *actio
288 2159 471 2221 intentetur.

229 2257 264 2316 ln
282 2252 387 2316 libello
401 2255 508 2314 tamen
527 2247 680 2312 criminali
698 2268 762 2311 uon
777 2249 948 2332 requiritur
961 2242 1121 2317 conclusio

192 2346 378 2427 serpentis,
399 2344 454 2406 sed
466 2344 581 2406 sufficit
600 2343 668 2406 sola
684 2343 757 2407 facti
774 2345 924 2424 narratio,
945 2352 980 2408 ut
1004 2346 1122 2407 crimen

191 2439 362 2516 homicidii,
370 2457 401 2500 v.
411 2457 456 2516 g„
467 2441 626 2516 noscatur,
634 2437 790 2518 adjunctis
798 2439 1040 2501 circumstantiis
1053 2457 1122 2517 per·

96 2565 104 2580 ·
191 2548 287 2605 soum,
298 2530 371 2604 loci,
382 2530 543 2607 temporis,
563 2533 635 2604 ete,
654 2548 757 2608 neque
776 2532 902 2592 enimin
915 2531 963 2591 his
977 2531 1123 2592 crimine-

191 2618 1121 2701 libuscriminaliteraetisparsaliquidderisibipetit,sedde

190 2733 285 2795 poena
298 2711 397 2793 ajune
410 2712 527 2772 statuta
534 2710 633 2791 judex
647 2712 834 2773 concludere
844 2714 938 2776 debet
952 2732 990 2774 ex
1002 2715 1117 2777 officio.

229 2809 280 2869 III.
304 2809 348 2866 De
379 2804 539 2864 motatione
562 2807 593 2866 et
620 2803 817 2866 emendatione
840 2806 954 2885 libelli,
989 2807 1120 2887 ejusque

191 2901 313 2964 effectu.
336 2896 511 2960 Discrimen
538 2903 585 2960 est
616 2898 698 2958 inter
720 2899 754 2960 ri
774 2898 905 2978 mutari,
932 2905 963 2962 et
980 2901 1061 2962 inter
1086 2903 1121 2962 τὸ

190 2992 350 3057 emendari
366 2991 518 3053 libellum.
535 2991 649 3056 Mutari
665 2991 788 3054 libellus
803 2993 927 3072 dicitur,
943 3012 1015 3055 cum
1036 2996 1117 3057 actio

188 3087 365 3168 proposita,
382 3087 433 3148 vel
449 3104 544 3148 causa
559 3085 688 3166 petendi
699 3085 731 3146 in
745 3104 782 3146 eo
796 3105 944 3166 expressa
955 3089 1114 3165 mutatur,

189 3186 221 3241 et
235 3181 297 3242 alia
314 3179 509 3259 proponitur.
531 3178 699 3250 Emendari
720 3179 844 3258 dicitur,
866 3181 992 3261 quaudo
1007 3179 1119 3243 vitium

187 3272 316 3352 aliquod
341 3274 383 3334 ad
406 3273 613 3336 substantiam
633 3273 731 3334 libelli
755 3273 832 3334 nihil
860 3274 1036 3354 pertinens,
1067 3273 1117 3334 vel

189 3364 363 3428 obscuritas
377 3365 483 3449 aliqua
494 3366 623 3448 tollitur,
641 3369 695 3430 eut
709 3366 836 3430 additur
849 3366 967 3455 aliquid
977 3414 985 3449 ,
995 3366 1118 3430 immu-

189 3461 256 3529 tota
265 3457 361 3522 libelli
373 3458 557 3528 substantia.
