<?xml version="1.0" encoding="UTF-8"?>
<!DOCTYPE html PUBLIC "-//W3C//DTD XHTML 1.0 Transitional//EN"
    "http://www.w3.org/TR/xhtml1/DTD/xhtml1-transitional.dtd">
<html xmlns="http://www.w3.org/1999/xhtml" xml:lang="en" lang="en">
 <head>
  <title>
</title>
<meta http-equiv="Content-Type" content="text/html;charset=utf-8" />
  <meta name='ocr-system' content='tesseract 3.04.00' />
  <meta name='ocr-capabilities' content='ocr_page ocr_carea ocr_par ocr_line ocrx_word'/>
</head>
<body>
  <div class='ocr_page' id='page_1' title='image "./institutionesju01marigoog_0043.png"; bbox 0 0 2584 4022; ppageno 0'>
   <div class='ocr_carea' id='block_1_1' title="bbox 197 271 911 332">
    <p class='ocr_par' dir='ltr' id='par_1_1' title="bbox 197 271 911 332">
     <span class='ocr_line' id='line_1_1' title="bbox 197 271 911 332; baseline -0.014 0"><span class='ocrx_word' id='word_1_1' title='bbox 197 271 236 332; x_wconf 82' lang='grc'><strong>36</strong></span> <span class='ocrx_word' id='word_1_2' title='bbox 404 279 633 328; x_wconf 81' lang='lat' dir='ltr'><strong>rnsrnononns</strong></span> <span class='ocrx_word' id='word_1_3' title='bbox 653 279 735 324; x_wconf 83' lang='lat' dir='ltr'><strong>runs</strong></span> <span class='ocrx_word' id='word_1_4' title='bbox 757 275 911 326; x_wconf 72' lang='lat' dir='ltr'><strong>canonici.</strong></span> 
     </span>
    </p>
   </div>
   <div class='ocr_carea' id='block_1_2' title="bbox 182 415 1126 2175">
    <p class='ocr_par' dir='ltr' id='par_1_2' title="bbox 182 415 1126 598">
     <span class='ocr_line' id='line_1_2' title="bbox 196 415 1126 506; baseline -0.009 -16"><span class='ocrx_word' id='word_1_5' title='bbox 196 415 308 490; x_wconf 81' lang='lat' dir='ltr'><strong>orlatus</strong></span> <span class='ocrx_word' id='word_1_6' title='bbox 323 424 520 506; x_wconf 77' lang='lat' dir='ltr'><strong>privilegium</strong></span> <span class='ocrx_word' id='word_1_7' title='bbox 532 423 572 484; x_wconf 80' lang='lat' dir='ltr'><strong>ab</strong></span> <span class='ocrx_word' id='word_1_8' title='bbox 588 421 785 501; x_wconf 75' lang='lat' dir='ltr'><strong>exemptione</strong></span> <span class='ocrx_word' id='word_1_9' title='bbox 794 419 910 502; x_wconf 87' lang='lat' dir='ltr'><strong>judicis</strong></span> <span class='ocrx_word' id='word_1_10' title='bbox 923 420 1042 482; x_wconf 86' lang='lat' dir='ltr'><strong>habere</strong></span> <span class='ocrx_word' id='word_1_11' title='bbox 1052 439 1126 500; x_wconf 91' lang='lat' dir='ltr'><strong>pos·</strong></span> 
     </span>
     <span class='ocr_line' id='line_1_3' title="bbox 182 513 1126 598; baseline -0.006 -16"><span class='ocrx_word' id='word_1_12' title='bbox 182 519 249 596; x_wconf 85' lang='lat' dir='ltr'><strong>sit,</strong></span> <span class='ocrx_word' id='word_1_13' title='bbox 281 535 464 598; x_wconf 85' lang='lat' dir='ltr'><strong>comparere</strong></span> <span class='ocrx_word' id='word_1_14' title='bbox 488 520 593 579; x_wconf 87' lang='lat' dir='ltr'><strong>tamen</strong></span> <span class='ocrx_word' id='word_1_15' title='bbox 618 516 725 593; x_wconf 87' lang='lat' dir='ltr'><strong>debet,</strong></span> <span class='ocrx_word' id='word_1_16' title='bbox 755 518 786 576; x_wconf 95' lang='lat' dir='ltr'><strong>et</strong></span> <span class='ocrx_word' id='word_1_17' title='bbox 809 513 1007 595; x_wconf 81' lang='lat' dir='ltr'><strong>privilegium</strong></span> <span class='ocrx_word' id='word_1_18' title='bbox 1033 531 1126 576; x_wconf 88' lang='lat' dir='ltr'><strong>suum</strong></span> 
     </span>
    </p>

    <p class='ocr_par' dir='ltr' id='par_1_3' title="bbox 194 607 1125 875">
     <span class='ocr_line' id='line_1_4' title="bbox 215 607 1125 689; baseline -0.007 -15"><span class='ocrx_word' id='word_1_19' title='bbox 215 612 363 689; x_wconf 67' lang='lat' dir='ltr'><strong>ebihere,</strong></span> <span class='ocrx_word' id='word_1_20' title='bbox 388 630 427 672; x_wconf 91' lang='lat' dir='ltr'><strong>nc</strong></span> <span class='ocrx_word' id='word_1_21' title='bbox 453 607 622 672; x_wconf 75' lang='lat' dir='ltr'><strong>contumax</strong></span> <span class='ocrx_word' id='word_1_22' title='bbox 646 612 827 685; x_wconf 79' lang='lat' dir='ltr'><strong>censeatur,</strong></span> <span class='ocrx_word' id='word_1_23' title='bbox 849 607 907 668; x_wconf 92' lang='lat' dir='ltr'><strong>nisi</strong></span> <span class='ocrx_word' id='word_1_24' title='bbox 925 607 1125 687; x_wconf 81' lang='lat' dir='ltr'><strong>privilegium</strong></span> 
     </span>
     <span class='ocr_line' id='line_1_5' title="bbox 194 699 1125 782; baseline -0.004 -18"><span class='ocrx_word' id='word_1_25' title='bbox 194 703 276 766; x_wconf 91' lang='lat' dir='ltr'><strong>illius</strong></span> <span class='ocrx_word' id='word_1_26' title='bbox 297 704 454 766; x_wconf 84' lang='lat' dir='ltr'><strong>notorium</strong></span> <span class='ocrx_word' id='word_1_27' title='bbox 472 705 573 780; x_wconf 88' lang='lat' dir='ltr'><strong>esset,</strong></span> <span class='ocrx_word' id='word_1_28' title='bbox 600 705 634 764; x_wconf 92' lang='lat' dir='ltr'><strong>ut</strong></span> <span class='ocrx_word' id='word_1_29' title='bbox 655 705 701 762; x_wconf 88' lang='lat' dir='ltr'><strong>est</strong></span> <span class='ocrx_word' id='word_1_30' title='bbox 719 699 918 782; x_wconf 85' lang='lat' dir='ltr'><strong>privilegium</strong></span> <span class='ocrx_word' id='word_1_31' title='bbox 940 699 1125 762; x_wconf 84' lang='lat' dir='ltr'><strong>clericorum</strong></span> 
     </span>
     <span class='ocr_line' id='line_1_6' title="bbox 195 793 749 875; baseline 0.004 -17"><span class='ocrx_word' id='word_1_32' title='bbox 195 796 433 859; x_wconf 88' lang='lat' dir='ltr'><strong>contralaicum</strong></span> <span class='ocrx_word' id='word_1_33' title='bbox 444 793 595 875; x_wconf 88' lang='lat' dir='ltr'><strong>judicem.</strong></span> <span class='ocrx_word' id='word_1_34' title='bbox 746 855 749 860; x_wconf 80' lang='grc'>,</span> 
     </span>
    </p>

    <p class='ocr_par' dir='ltr' id='par_1_4' title="bbox 187 886 1126 2175">
     <span class='ocr_line' id='line_1_7' title="bbox 234 886 1126 965; baseline -0.003 -14"><span class='ocrx_word' id='word_1_35' title='bbox 234 889 330 951; x_wconf 80' lang='lat' dir='ltr'><strong>Citari</strong></span> <span class='ocrx_word' id='word_1_36' title='bbox 345 893 451 950; x_wconf 87' lang='lat' dir='ltr'><strong>autem</strong></span> <span class='ocrx_word' id='word_1_37' title='bbox 463 887 590 963; x_wconf 86' lang='lat' dir='ltr'><strong>dehent,</strong></span> <span class='ocrx_word' id='word_1_38' title='bbox 606 891 638 948; x_wconf 89' lang='lat' dir='ltr'><strong>et</strong></span> <span class='ocrx_word' id='word_1_39' title='bbox 651 888 782 965; x_wconf 88' lang='lat' dir='ltr'><strong>possunt</strong></span> <span class='ocrx_word' id='word_1_40' title='bbox 795 903 915 960; x_wconf 85' lang='lat' dir='ltr'><strong>omncs,</strong></span> <span class='ocrx_word' id='word_1_41' title='bbox 932 894 1067 965; x_wconf 86' lang='lat' dir='ltr'><strong>quorum</strong></span> <span class='ocrx_word' id='word_1_42' title='bbox 1078 886 1126 948; x_wconf 90' lang='lat' dir='ltr'><strong>iu·</strong></span> 
     </span>
     <span class='ocr_line' id='line_1_8' title="bbox 192 977 1125 1060; baseline -0.003 -18"><span class='ocrx_word' id='word_1_43' title='bbox 192 984 291 1043; x_wconf 88' lang='lat' dir='ltr'><strong>terest</strong></span> <span class='ocrx_word' id='word_1_44' title='bbox 304 999 419 1058; x_wconf 90' lang='lat' dir='ltr'><strong>causa,</strong></span> <span class='ocrx_word' id='word_1_45' title='bbox 436 997 505 1060; x_wconf 82' lang='lat' dir='ltr'><strong>quae</strong></span> <span class='ocrx_word' id='word_1_46' title='bbox 528 977 690 1059; x_wconf 84' lang='lat' dir='ltr'><strong>injudicio</strong></span> <span class='ocrx_word' id='word_1_47' title='bbox 705 978 827 1056; x_wconf 84' lang='lat' dir='ltr'><strong>agitur,</strong></span> <span class='ocrx_word' id='word_1_48' title='bbox 844 979 909 1039; x_wconf 90' lang='lat' dir='ltr'><strong>sive</strong></span> <span class='ocrx_word' id='word_1_49' title='bbox 923 979 978 1058; x_wconf 89' lang='lat' dir='ltr'><strong>qui</strong></span> <span class='ocrx_word' id='word_1_50' title='bbox 994 997 1032 1038; x_wconf 86' lang='lat' dir='ltr'><strong>ex</strong></span> <span class='ocrx_word' id='word_1_51' title='bbox 1053 982 1125 1041; x_wconf 87' lang='lat' dir='ltr'><strong>actu</strong></span> 
     </span>
     <span class='ocr_line' id='line_1_9' title="bbox 193 1063 1124 1156; baseline -0.001 -22"><span class='ocrx_word' id='word_1_52' title='bbox 193 1073 309 1153; x_wconf 87' lang='lat' dir='ltr'><strong>aliquo,</strong></span> <span class='ocrx_word' id='word_1_53' title='bbox 324 1073 377 1156; x_wconf 84' lang='lat' dir='ltr'><strong>qui</strong></span> <span class='ocrx_word' id='word_1_54' title='bbox 391 1063 426 1135; x_wconf 88' lang='lat' dir='ltr'><strong>ill</strong></span> <span class='ocrx_word' id='word_1_55' title='bbox 439 1071 612 1152; x_wconf 86' lang='lat' dir='ltr'><strong>injudicio,</strong></span> <span class='ocrx_word' id='word_1_56' title='bbox 629 1071 700 1132; x_wconf 86' lang='lat' dir='ltr'><strong>laedi</strong></span> <span class='ocrx_word' id='word_1_57' title='bbox 714 1074 854 1150; x_wconf 89' lang='lat' dir='ltr'><strong>possunt,</strong></span> <span class='ocrx_word' id='word_1_58' title='bbox 870 1071 929 1132; x_wconf 90' lang='lat' dir='ltr'><strong>nisi</strong></span> <span class='ocrx_word' id='word_1_59' title='bbox 942 1071 996 1133; x_wconf 89' lang='lat' dir='ltr'><strong>tali</strong></span> <span class='ocrx_word' id='word_1_60' title='bbox 1004 1071 1124 1152; x_wconf 88' lang='lat' dir='ltr'><strong>judicio</strong></span> 
     </span>
     <span class='ocr_line' id='line_1_10' title="bbox 192 1163 1125 1245; baseline -0.002 -19"><span class='ocrx_word' id='word_1_61' title='bbox 192 1184 250 1245; x_wconf 88' lang='lat' dir='ltr'><strong>per</strong></span> <span class='ocrx_word' id='word_1_62' title='bbox 264 1185 298 1227; x_wconf 87' lang='lat' dir='ltr'><strong>se</strong></span> <span class='ocrx_word' id='word_1_63' title='bbox 312 1168 485 1244; x_wconf 80' lang='lat' dir='ltr'><strong>praesentes</strong></span> <span class='ocrx_word' id='word_1_64' title='bbox 503 1165 580 1242; x_wconf 89' lang='lat' dir='ltr'><strong>sint,</strong></span> <span class='ocrx_word' id='word_1_65' title='bbox 604 1168 659 1226; x_wconf 89' lang='lat' dir='ltr'><strong>aut</strong></span> <span class='ocrx_word' id='word_1_66' title='bbox 677 1164 739 1226; x_wconf 88' lang='lat' dir='ltr'><strong>alia</strong></span> <span class='ocrx_word' id='word_1_67' title='bbox 759 1164 864 1244; x_wconf 88' lang='lat' dir='ltr'><strong>aliqua</strong></span> <span class='ocrx_word' id='word_1_68' title='bbox 878 1182 974 1226; x_wconf 87' lang='lat' dir='ltr'><strong>causa</strong></span> <span class='ocrx_word' id='word_1_69' title='bbox 989 1163 1125 1226; x_wconf 88' lang='lat' dir='ltr'><strong>interve-</strong></span> 
     </span>
     <span class='ocr_line' id='line_1_11' title="bbox 192 1255 1124 1337; baseline 0.001 -19"><span class='ocrx_word' id='word_1_70' title='bbox 192 1257 268 1335; x_wconf 90' lang='lat' dir='ltr'><strong>niat,</strong></span> <span class='ocrx_word' id='word_1_71' title='bbox 286 1258 326 1320; x_wconf 88' lang='lat' dir='ltr'><strong>ob</strong></span> <span class='ocrx_word' id='word_1_72' title='bbox 337 1255 659 1337; x_wconf 61' lang='lat' dir='ltr'><strong>quam&#39;omittipotest</strong></span> <span class='ocrx_word' id='word_1_73' title='bbox 672 1257 789 1334; x_wconf 90' lang='lat' dir='ltr'><strong>citatio,</strong></span> <span class='ocrx_word' id='word_1_74' title='bbox 806 1257 850 1318; x_wconf 91' lang='lat' dir='ltr'><strong>uti</strong></span> <span class='ocrx_word' id='word_1_75' title='bbox 861 1257 968 1318; x_wconf 88' lang='lat' dir='ltr'><strong>videre</strong></span> <span class='ocrx_word' id='word_1_76' title='bbox 983 1261 1030 1319; x_wconf 91' lang='lat' dir='ltr'><strong>est</strong></span> <span class='ocrx_word' id='word_1_77' title='bbox 1040 1257 1124 1336; x_wconf 87' lang='lat' dir='ltr'><strong>apud</strong></span> 
     </span>
     <span class='ocr_line' id='line_1_12' title="bbox 192 1350 1121 1429; baseline -0.002 -16"><span class='ocrx_word' id='word_1_78' title='bbox 192 1350 365 1413; x_wconf 86' lang='lat' dir='ltr'><strong>civilitates.</strong></span> <span class='ocrx_word' id='word_1_79' title='bbox 390 1350 474 1412; x_wconf 81' lang='lat' dir='ltr'>Finis</span> <span class='ocrx_word' id='word_1_80' title='bbox 487 1355 592 1413; x_wconf 87' lang='lat' dir='ltr'><strong>autem</strong></span> <span class='ocrx_word' id='word_1_81' title='bbox 612 1350 767 1424; x_wconf 73' lang='lat' dir='ltr'><strong>citationis</strong></span> <span class='ocrx_word' id='word_1_82' title='bbox 782 1354 843 1428; x_wconf 89' lang='lat' dir='ltr'><strong>cst,</strong></span> <span class='ocrx_word' id='word_1_83' title='bbox 854 1353 889 1412; x_wconf 92' lang='lat' dir='ltr'><strong>ut</strong></span> <span class='ocrx_word' id='word_1_84' title='bbox 900 1369 972 1412; x_wconf 86' lang='lat' dir='ltr'><strong>reus</strong></span> <span class='ocrx_word' id='word_1_85' title='bbox 987 1350 1027 1411; x_wconf 91' lang='lat' dir='ltr'><strong>ad</strong></span> <span class='ocrx_word' id='word_1_86' title='bbox 1041 1350 1121 1429; x_wconf 86' lang='lat' dir='ltr'><strong>peti·</strong></span> 
     </span>
     <span class='ocr_line' id='line_1_13' title="bbox 190 1443 1120 1524; baseline -0.001 -19"><span class='ocrx_word' id='word_1_87' title='bbox 190 1443 309 1506; x_wconf 88' lang='lat' dir='ltr'><strong>tionem</strong></span> <span class='ocrx_word' id='word_1_88' title='bbox 321 1444 435 1506; x_wconf 87' lang='lat' dir='ltr'><strong>actoris</strong></span> <span class='ocrx_word' id='word_1_89' title='bbox 445 1443 603 1524; x_wconf 87' lang='lat' dir='ltr'><strong>injudicio</strong></span> <span class='ocrx_word' id='word_1_90' title='bbox 616 1447 807 1523; x_wconf 71' lang='lat' dir='ltr'><strong>compareat,</strong></span> <span class='ocrx_word' id='word_1_91' title='bbox 816 1446 847 1504; x_wconf 88' lang='lat' dir='ltr'><strong>et</strong></span> <span class='ocrx_word' id='word_1_92' title='bbox 858 1443 898 1504; x_wconf 93' lang='lat' dir='ltr'><strong>ad</strong></span> <span class='ocrx_word' id='word_1_93' title='bbox 907 1443 1120 1504; x_wconf 86' lang='lat' dir='ltr'><strong>defensionem</strong></span> 
     </span>
     <span class='ocr_line' id='line_1_14' title="bbox 191 1536 1117 1617; baseline -0.001 -19"><span class='ocrx_word' id='word_1_94' title='bbox 191 1555 224 1598; x_wconf 90' lang='lat' dir='ltr'><strong>se</strong></span> <span class='ocrx_word' id='word_1_95' title='bbox 238 1555 310 1598; x_wconf 88' lang='lat' dir='ltr'><strong>reus</strong></span> <span class='ocrx_word' id='word_1_96' title='bbox 324 1555 436 1615; x_wconf 88' lang='lat' dir='ltr'><strong>parare</strong></span> <span class='ocrx_word' id='word_1_97' title='bbox 450 1537 558 1617; x_wconf 87' lang='lat' dir='ltr'><strong>possit.</strong></span> <span class='ocrx_word' id='word_1_98' title='bbox 571 1538 707 1601; x_wconf 78' lang='lat' dir='ltr'><strong>Effectus</strong></span> <span class='ocrx_word' id='word_1_99' title='bbox 720 1536 854 1617; x_wconf 85' lang='lat' dir='ltr'><strong>denique</strong></span> <span class='ocrx_word' id='word_1_100' title='bbox 867 1536 1022 1598; x_wconf 78' lang='lat' dir='ltr'><strong>citationis</strong></span> <span class='ocrx_word' id='word_1_101' title='bbox 1034 1538 1117 1614; x_wconf 90' lang='lat' dir='ltr'><strong>sunt,</strong></span> 
     </span>
     <span class='ocr_line' id='line_1_15' title="bbox 191 1628 1119 1710; baseline 0 -20"><span class='ocrx_word' id='word_1_102' title='bbox 191 1628 292 1710; x_wconf 88' lang='lat' dir='ltr'><strong>primo</strong></span> <span class='ocrx_word' id='word_1_103' title='bbox 315 1629 400 1709; x_wconf 89' lang='lat' dir='ltr'><strong>quod</strong></span> <span class='ocrx_word' id='word_1_104' title='bbox 426 1629 544 1709; x_wconf 80' lang='lat' dir='ltr'><strong>obliget</strong></span> <span class='ocrx_word' id='word_1_105' title='bbox 562 1628 693 1691; x_wconf 86' lang='lat' dir='ltr'><strong>citatum</strong></span> <span class='ocrx_word' id='word_1_106' title='bbox 717 1630 760 1690; x_wconf 90' lang='lat' dir='ltr'><strong>ad</strong></span> <span class='ocrx_word' id='word_1_107' title='bbox 781 1629 1037 1709; x_wconf 86' lang='lat' dir='ltr'><strong>comparendum,</strong></span> <span class='ocrx_word' id='word_1_108' title='bbox 1060 1629 1119 1706; x_wconf 84' lang='lat' dir='ltr'><strong>nisi</strong></span> 
     </span>
     <span class='ocr_line' id='line_1_16' title="bbox 187 1721 1120 1803; baseline 0 -21"><span class='ocrx_word' id='word_1_109' title='bbox 187 1721 273 1802; x_wconf 88' lang='lat' dir='ltr'><strong>justa</strong></span> <span class='ocrx_word' id='word_1_110' title='bbox 284 1740 379 1783; x_wconf 87' lang='lat' dir='ltr'><strong>eausa</strong></span> <span class='ocrx_word' id='word_1_111' title='bbox 391 1726 564 1784; x_wconf 87' lang='lat' dir='ltr'><strong>excusetur.</strong></span> <span class='ocrx_word' id='word_1_112' title='bbox 578 1723 722 1784; x_wconf 88' lang='lat' dir='ltr'><strong>Secundo</strong></span> <span class='ocrx_word' id='word_1_113' title='bbox 738 1723 823 1803; x_wconf 89' lang='lat' dir='ltr'><strong>quod</strong></span> <span class='ocrx_word' id='word_1_114' title='bbox 837 1723 966 1784; x_wconf 88' lang='lat' dir='ltr'><strong>inducat</strong></span> <span class='ocrx_word' id='word_1_115' title='bbox 977 1741 1120 1801; x_wconf 86' lang='lat' dir='ltr'><strong>praeven-</strong></span> 
     </span>
     <span class='ocr_line' id='line_1_17' title="bbox 190 1813 1117 1896; baseline -0.001 -20"><span class='ocrx_word' id='word_1_116' title='bbox 190 1814 308 1876; x_wconf 87' lang='lat' dir='ltr'><strong>tionem</strong></span> <span class='ocrx_word' id='word_1_117' title='bbox 331 1817 475 1893; x_wconf 88' lang='lat' dir='ltr'><strong>respectu</strong></span> <span class='ocrx_word' id='word_1_118' title='bbox 495 1813 578 1875; x_wconf 91' lang='lat' dir='ltr'><strong>illius</strong></span> <span class='ocrx_word' id='word_1_119' title='bbox 592 1833 716 1892; x_wconf 73' lang='lat' dir='ltr'><strong>caussa,</strong></span> <span class='ocrx_word' id='word_1_120' title='bbox 742 1817 886 1896; x_wconf 87' lang='lat' dir='ltr'><strong>respectu</strong></span> <span class='ocrx_word' id='word_1_121' title='bbox 907 1814 996 1895; x_wconf 89' lang='lat' dir='ltr'><strong>cujus</strong></span> <span class='ocrx_word' id='word_1_122' title='bbox 1013 1815 1117 1878; x_wconf 88' lang='lat' dir='ltr'><strong>citatio</strong></span> 
     </span>
     <span class='ocr_line' id='line_1_18' title="bbox 188 1907 1118 1988; baseline 0.002 -20"><span class='ocrx_word' id='word_1_123' title='bbox 188 1908 271 1970; x_wconf 87' lang='lat' dir='ltr'><strong>lacta</strong></span> <span class='ocrx_word' id='word_1_124' title='bbox 285 1910 341 1970; x_wconf 88' lang='lat' dir='ltr'><strong>est.</strong></span> <span class='ocrx_word' id='word_1_125' title='bbox 365 1908 470 1970; x_wconf 82' lang='lat' dir='ltr'><strong>&#39;lertio</strong></span> <span class='ocrx_word' id='word_1_126' title='bbox 486 1907 572 1988; x_wconf 85' lang='lat' dir='ltr'><strong>quod</strong></span> <span class='ocrx_word' id='word_1_127' title='bbox 585 1911 750 1987; x_wconf 86' lang='lat' dir='ltr'><strong>perpetuet</strong></span> <span class='ocrx_word' id='word_1_128' title='bbox 764 1907 1015 1988; x_wconf 85' lang='lat' dir='ltr'><strong>jurisdictionem</strong></span> <span class='ocrx_word' id='word_1_129' title='bbox 1036 1908 1118 1970; x_wconf 89' lang='lat' dir='ltr'><strong>dele·</strong></span> 
     </span>
     <span class='ocr_line' id='line_1_19' title="bbox 189 2000 1118 2080; baseline 0.002 -20"><span class='ocrx_word' id='word_1_130' title='bbox 189 2001 265 2080; x_wconf 83' lang='lat' dir='ltr'><strong>gali,</strong></span> <span class='ocrx_word' id='word_1_131' title='bbox 282 2003 450 2079; x_wconf 89' lang='lat' dir='ltr'><strong>postquam</strong></span> <span class='ocrx_word' id='word_1_132' title='bbox 468 2000 508 2061; x_wconf 90' lang='lat' dir='ltr'><strong>ab</strong></span> <span class='ocrx_word' id='word_1_133' title='bbox 527 2000 588 2061; x_wconf 91' lang='lat' dir='ltr'><strong>hoo</strong></span> <span class='ocrx_word' id='word_1_134' title='bbox 601 2000 768 2077; x_wconf 80' lang='lat' dir='ltr'><strong>emanavit,</strong></span> <span class='ocrx_word' id='word_1_135' title='bbox 786 2000 908 2062; x_wconf 91' lang='lat' dir='ltr'><strong>etiamsi</strong></span> <span class='ocrx_word' id='word_1_136' title='bbox 923 2001 1063 2063; x_wconf 90' lang='lat' dir='ltr'><strong>nondum</strong></span> <span class='ocrx_word' id='word_1_137' title='bbox 1076 2000 1118 2064; x_wconf 88' lang='lat' dir='ltr'><strong>ad</strong></span> 
     </span>
     <span class='ocr_line' id='line_1_20' title="bbox 188 2092 1118 2175; baseline 0.004 -22"><span class='ocrx_word' id='word_1_138' title='bbox 188 2092 273 2154; x_wconf 90' lang='lat' dir='ltr'><strong>citati</strong></span> <span class='ocrx_word' id='word_1_139' title='bbox 288 2092 430 2154; x_wconf 90' lang='lat' dir='ltr'><strong>notitiam</strong></span> <span class='ocrx_word' id='word_1_140' title='bbox 443 2093 631 2172; x_wconf 82' lang='lat' dir='ltr'><strong>pervenerit,</strong></span> <span class='ocrx_word' id='word_1_141' title='bbox 648 2093 693 2155; x_wconf 89' lang='lat' dir='ltr'><strong>ita</strong></span> <span class='ocrx_word' id='word_1_142' title='bbox 702 2097 737 2155; x_wconf 89' lang='lat' dir='ltr'><strong>ut</strong></span> <span class='ocrx_word' id='word_1_143' title='bbox 749 2097 851 2155; x_wconf 85' lang='lat' dir='ltr'><strong>morte</strong></span> <span class='ocrx_word' id='word_1_144' title='bbox 865 2093 1037 2175; x_wconf 82' lang='lat' dir='ltr'><strong>delegantis</strong></span> <span class='ocrx_word' id='word_1_145' title='bbox 1054 2113 1118 2157; x_wconf 91' lang='lat' dir='ltr'><strong>nou</strong></span> 
     </span>
    </p>
   </div>
   <div class='ocr_carea' id='block_1_3' title="bbox 77 2184 1118 2267">
    <p class='ocr_par' dir='ltr' id='par_1_5' title="bbox 77 2184 1118 2267">
     <span class='ocr_line' id='line_1_21' title="bbox 77 2184 1118 2267; baseline 0.006 -22"><span class='ocrx_word' id='word_1_146' title='bbox 77 2207 85 2220; x_wconf 93' lang='lat'><strong>·</strong></span> <span class='ocrx_word' id='word_1_147' title='bbox 188 2184 333 2265; x_wconf 85' lang='lat' dir='ltr'><strong>exspiret.</strong></span> <span class='ocrx_word' id='word_1_148' title='bbox 356 2187 473 2258; x_wconf 80' lang='lat' dir='ltr'><strong>Quarto</strong></span> <span class='ocrx_word' id='word_1_149' title='bbox 489 2186 574 2267; x_wconf 91' lang='lat' dir='ltr'><strong>quod</strong></span> <span class='ocrx_word' id='word_1_150' title='bbox 588 2185 717 2249; x_wconf 90' lang='lat' dir='ltr'><strong>inducat</strong></span> <span class='ocrx_word' id='word_1_151' title='bbox 731 2185 843 2248; x_wconf 86' lang='lat' dir='ltr'><strong>vitium</strong></span> <span class='ocrx_word' id='word_1_152' title='bbox 861 2187 974 2265; x_wconf 90' lang='lat' dir='ltr'><strong>litiosi,</strong></span> <span class='ocrx_word' id='word_1_153' title='bbox 1002 2192 1034 2251; x_wconf 89' lang='lat' dir='ltr'><strong>et</strong></span> <span class='ocrx_word' id='word_1_154' title='bbox 1056 2188 1118 2266; x_wconf 86' lang='lat' dir='ltr'><strong>litis¹</strong></span> 
     </span>
    </p>
   </div>
   <div class='ocr_carea' id='block_1_4' title="bbox 188 2278 1118 2545">
    <p class='ocr_par' dir='ltr' id='par_1_6' title="bbox 188 2278 1118 2545">
     <span class='ocr_line' id='line_1_22' title="bbox 189 2278 1114 2361; baseline 0.005 -23"><span class='ocrx_word' id='word_1_155' title='bbox 189 2278 402 2358; x_wconf 84' lang='lat' dir='ltr'><strong>pandentiam,</strong></span> <span class='ocrx_word' id='word_1_156' title='bbox 419 2278 463 2341; x_wconf 89' lang='lat' dir='ltr'><strong>ita</strong></span> <span class='ocrx_word' id='word_1_157' title='bbox 472 2279 603 2342; x_wconf 90' lang='lat' dir='ltr'><strong>utnulla</strong></span> <span class='ocrx_word' id='word_1_158' title='bbox 617 2279 657 2342; x_wconf 88' lang='lat' dir='ltr'><strong>sit</strong></span> <span class='ocrx_word' id='word_1_159' title='bbox 668 2279 713 2341; x_wconf 88' lang='lat' dir='ltr'><strong>rei</strong></span> <span class='ocrx_word' id='word_1_160' title='bbox 724 2279 795 2342; x_wconf 88' lang='lat' dir='ltr'><strong>talis</strong></span> <span class='ocrx_word' id='word_1_161' title='bbox 809 2279 942 2361; x_wconf 78' lang='lat' dir='ltr'><strong>litigiose</strong></span> <span class='ocrx_word' id='word_1_162' title='bbox 957 2281 1114 2344; x_wconf 83' lang='lat' dir='ltr'><strong>alienatio.</strong></span> 
     </span>
     <span class='ocr_line' id='line_1_23' title="bbox 189 2372 1118 2455; baseline 0.008 -24"><span class='ocrx_word' id='word_1_163' title='bbox 189 2372 523 2454; x_wconf 69' lang='lat' dir='ltr'><strong>aquilonemque,</strong></span> <span class='ocrx_word' id='word_1_164' title='bbox 540 2373 625 2454; x_wconf 89' lang='lat' dir='ltr'><strong>quod</strong></span> <span class='ocrx_word' id='word_1_165' title='bbox 644 2373 856 2455; x_wconf 89' lang='lat' dir='ltr'><strong>interrumpat</strong></span> <span class='ocrx_word' id='word_1_166' title='bbox 877 2373 1018 2436; x_wconf 87' lang='lat' dir='ltr'><strong>odiosam</strong></span> <span class='ocrx_word' id='word_1_167' title='bbox 1037 2393 1118 2454; x_wconf 81' lang='lat' dir='ltr'><strong>proe-</strong></span> 
     </span>
     <span class='ocr_line' id='line_1_24' title="bbox 188 2462 1115 2545; baseline 0.008 -23"><span class='ocrx_word' id='word_1_168' title='bbox 188 2462 390 2539; x_wconf 89' lang='lat' dir='ltr'><strong>scriptionem</strong></span> <span class='ocrx_word' id='word_1_169' title='bbox 403 2465 576 2544; x_wconf 77' lang='lat' dir='ltr'><strong>longissimi</strong></span> <span class='ocrx_word' id='word_1_170' title='bbox 597 2466 757 2545; x_wconf 87' lang='lat' dir='ltr'><strong>temporis,</strong></span> <span class='ocrx_word' id='word_1_171' title='bbox 771 2470 811 2529; x_wconf 87' lang='grc'><strong>30</strong></span> <span class='ocrx_word' id='word_1_172' title='bbox 826 2467 877 2528; x_wconf 88' lang='lat' dir='ltr'><strong>vel</strong></span> <span class='ocrx_word' id='word_1_173' title='bbox 888 2471 928 2529; x_wconf 77' lang='lat' dir='ltr'><strong>lo</strong></span> <span class='ocrx_word' id='word_1_174' title='bbox 944 2485 1115 2543; x_wconf 68' lang='lat' dir='ltr'><strong>annorum</strong></span> 
     </span>
    </p>
   </div>
   <div class='ocr_carea' id='block_1_5' title="bbox 187 2552 1117 2708">
    <p class='ocr_par' dir='ltr' id='par_1_7' title="bbox 187 2552 1117 2708">
     <span class='ocr_line' id='line_1_25' title="bbox 188 2552 1117 2637; baseline 0.006 -24"><span class='ocrx_word' id='word_1_175' title='bbox 188 2552 339 2630; x_wconf 89' lang='lat' dir='ltr'><strong>adquam</strong></span> <span class='ocrx_word' id='word_1_176' title='bbox 360 2554 620 2633; x_wconf 87' lang='lat' dir='ltr'><strong>interruptionem</strong></span> <span class='ocrx_word' id='word_1_177' title='bbox 640 2558 735 2618; x_wconf 88' lang='lat' dir='ltr'><strong>etiam</strong></span> <span class='ocrx_word' id='word_1_178' title='bbox 754 2558 862 2634; x_wconf 88' lang='lat' dir='ltr'><strong>unica,</strong></span> <span class='ocrx_word' id='word_1_179' title='bbox 879 2563 911 2620; x_wconf 85' lang='lat' dir='ltr'><strong>et</strong></span> <span class='ocrx_word' id='word_1_180' title='bbox 928 2560 1059 2637; x_wconf 80' lang='lat' dir='ltr'><strong>simplex</strong></span> <span class='ocrx_word' id='word_1_181' title='bbox 1073 2561 1117 2620; x_wconf 89' lang='lat' dir='ltr'><strong>ci-</strong></span> 
     </span>
     <span class='ocr_line' id='line_1_26' title="bbox 187 2641 403 2708; baseline -0.019 0"><span class='ocrx_word' id='word_1_182' title='bbox 187 2641 264 2708; x_wconf 86' lang='lat' dir='ltr'><strong>tatio</strong></span> <span class='ocrx_word' id='word_1_183' title='bbox 280 2641 403 2704; x_wconf 83' lang='lat' dir='ltr'><strong>suflicit.</strong></span> 
     </span>
    </p>
   </div>
   <div class='ocr_carea' id='block_1_6' title="bbox 441 2761 861 2936">
    <p class='ocr_par' dir='ltr' id='par_1_8' title="bbox 441 2761 861 2936">
     <span class='ocr_line' id='line_1_27' title="bbox 569 2761 734 2816; baseline 0 0"><span class='ocrx_word' id='word_1_184' title='bbox 569 2761 673 2816; x_wconf 80' lang='lat' dir='ltr'>CAPUT</span> <span class='ocrx_word' id='word_1_185' title='bbox 689 2761 734 2816; x_wconf 88' lang='lat' dir='ltr'><strong>Ill.</strong></span> 
     </span>
     <span class='ocr_line' id='line_1_28' title="bbox 441 2889 861 2936; baseline 0.01 -8"><span class='ocrx_word' id='word_1_186' title='bbox 441 2889 476 2929; x_wconf 84' lang='lat' dir='ltr'><strong>nn</strong></span> <span class='ocrx_word' id='word_1_187' title='bbox 502 2889 630 2932; x_wconf 75' lang='lat' dir='ltr'><strong>acaronis</strong></span> <span class='ocrx_word' id='word_1_188' title='bbox 654 2893 861 2936; x_wconf 80' lang='lat' dir='ltr'><strong>unoeosirronn.</strong></span> 
     </span>
    </p>
   </div>
   <div class='ocr_carea' id='block_1_7' title="bbox 470 3023 966 3210">
    <p class='ocr_par' dir='ltr' id='par_1_9' title="bbox 470 3023 966 3210">
     <span class='ocr_line' id='line_1_29' title="bbox 470 3023 966 3084; baseline 0.03 -15"><span class='ocrx_word' id='word_1_189' title='bbox 470 3023 674 3074; x_wconf 70' lang='lat' dir='ltr'><strong>acalauius</strong></span> <span class='ocrx_word' id='word_1_190' title='bbox 697 3028 839 3076; x_wconf 82' lang='lat' dir='ltr'><strong>rn1uus.</strong></span> <span class='ocrx_word' id='word_1_191' title='bbox 964 3079 966 3084; x_wconf 89' lang='lat'><em>.</em></span> 
     </span>
     <span class='ocr_line' id='line_1_30' title="bbox 490 3141 805 3210; baseline 0.022 -7"><span class='ocrx_word' id='word_1_192' title='bbox 490 3141 535 3203; x_wconf 76' lang='lat' dir='ltr'><strong>Oc</strong></span> <span class='ocrx_word' id='word_1_193' title='bbox 548 3142 641 3205; x_wconf 81' lang='lat' dir='ltr'><strong>libelli</strong></span> <span class='ocrx_word' id='word_1_194' title='bbox 651 3143 805 3210; x_wconf 65' lang='lat' dir='ltr'><strong>oblatione.</strong></span> 
     </span>
    </p>
   </div>
   <div class='ocr_carea' id='block_1_8' title="bbox 187 3243 1113 3452">
    <p class='ocr_par' dir='ltr' id='par_1_10' title="bbox 187 3243 1113 3452">
     <span class='ocr_line' id='line_1_31' title="bbox 226 3243 1113 3355; baseline 0.019 -23"><span class='ocrx_word' id='word_1_195' title='bbox 226 3273 251 3333; x_wconf 92' lang='lat' dir='ltr'><strong>I.</strong></span> <span class='ocrx_word' id='word_1_196' title='bbox 277 3270 368 3347; x_wconf 76' lang='lat' dir='ltr'><strong>(laid,</strong></span> <span class='ocrx_word' id='word_1_197' title='bbox 393 3281 422 3334; x_wconf 86' lang='lat' dir='ltr'><strong>et</strong></span> <span class='ocrx_word' id='word_1_198' title='bbox 439 3274 600 3355; x_wconf 80' lang='lat' dir='ltr'><strong>quotupleor</strong></span> <span class='ocrx_word' id='word_1_199' title='bbox 619 3276 659 3337; x_wconf 81' lang='lat' dir='ltr'><strong>sit</strong></span> <span class='ocrx_word' id='word_1_200' title='bbox 673 3275 801 3354; x_wconf 81' lang='lat' dir='ltr'><strong>libellos,</strong></span> <span class='ocrx_word' id='word_1_201' title='bbox 827 3286 915 3342; x_wconf 87' lang='lat' dir='ltr'><strong>etan</strong></span> <span class='ocrx_word' id='word_1_202' title='bbox 937 3243 1113 3348; x_wconf 83' lang='lat' dir='ltr'><strong>necessario</strong></span> 
     </span>
     <span class='ocr_line' id='line_1_32' title="bbox 187 3363 1113 3452; baseline 0.019 -27"><span class='ocrx_word' id='word_1_203' title='bbox 187 3363 301 3443; x_wconf 87' lang='lat' dir='ltr'><strong>cuique</strong></span> <span class='ocrx_word' id='word_1_204' title='bbox 327 3365 504 3429; x_wconf 83' lang='lat' dir='ltr'><strong>offerendus</strong></span> <span class='ocrx_word' id='word_1_205' title='bbox 530 3368 602 3431; x_wconf 85' lang='lat' dir='ltr'><strong>sit?</strong></span> <span class='ocrx_word' id='word_1_206' title='bbox 626 3371 701 3431; x_wconf 91' lang='lat' dir='ltr'><strong>Post</strong></span> <span class='ocrx_word' id='word_1_207' title='bbox 731 3371 902 3452; x_wconf 84' lang='lat' dir='ltr'><strong>legitimam</strong></span> <span class='ocrx_word' id='word_1_208' title='bbox 935 3377 1113 3444; x_wconf 87' lang='lat' dir='ltr'><strong>citationem</strong></span> 
     </span>
    </p>
   </div>
   <div class='ocr_carea' id='block_1_9' title="bbox 188 3454 1114 3556">
    <p class='ocr_par' dir='ltr' id='par_1_11' title="bbox 188 3454 1114 3556">
     <span class='ocr_line' id='line_1_33' title="bbox 188 3454 1114 3556; baseline 0.025 -37"><span class='ocrx_word' id='word_1_209' title='bbox 188 3457 317 3527; x_wconf 76' lang='lat' dir='ltr'><strong>offertur</strong></span> <span class='ocrx_word' id='word_1_210' title='bbox 331 3454 430 3544; x_wconf 86' lang='lat' dir='ltr'><strong>judici</strong></span> <span class='ocrx_word' id='word_1_211' title='bbox 445 3459 568 3528; x_wconf 84' lang='lat' dir='ltr'><strong>libellus</strong></span> <span class='ocrx_word' id='word_1_212' title='bbox 582 3479 637 3528; x_wconf 86' lang='lat' dir='ltr'><strong>reo</strong></span> <span class='ocrx_word' id='word_1_213' title='bbox 655 3463 839 3548; x_wconf 84' lang='lat' dir='ltr'><strong>tradendus,</strong></span> <span class='ocrx_word' id='word_1_214' title='bbox 856 3473 891 3534; x_wconf 89' lang='lat' dir='ltr'><strong>ut</strong></span> <span class='ocrx_word' id='word_1_215' title='bbox 906 3469 957 3536; x_wconf 84' lang='lat' dir='ltr'><strong>hio</strong></span> <span class='ocrx_word' id='word_1_216' title='bbox 970 3472 1059 3556; x_wconf 85' lang='lat' dir='ltr'><strong>sciat,</strong></span> <span class='ocrx_word' id='word_1_217' title='bbox 1083 3477 1114 3542; x_wconf 88' lang='lat' dir='ltr'><strong>et</strong></span> 
     </span>
    </p>
   </div>
   <div class='ocr_carea' id='block_1_10' title="bbox 0 0 1296 4022">
    <p class='ocr_par' dir='ltr' id='par_1_12' title="bbox 0 0 1296 4022">
     <span class='ocr_line' id='line_1_34' title="bbox 0 0 1296 4022; baseline 0 3"><span class='ocrx_word' id='word_1_218' title='bbox 0 0 1296 4022; x_wconf 95' lang='lat' dir='ltr'><strong> </strong></span> 
     </span>
    </p>
   </div>
  </div>
 </body>
</html>
