2584 4022
193 239 230 300 lo
328 275 332 284 ·
390 221 721 302 1rsr1rurrounssuu1s
743 250 897 300 ornomm.

229 395 284 456 Est
304 397 409 457 autem
430 396 530 477 judex
544 401 725 478 competens
742 395 821 458 alius
836 392 1019 474 simpliciter
1032 409 1119 454 oom-

190 489 315 567 peteus,
337 506 430 568 quem
444 493 550 569 partes
565 491 724 570 litigantes
735 489 821 552 edire
832 489 985 568 possunt,
1009 488 1041 548 et
1061 502 1118 563 per

188 597 222 642 se
237 578 353 644 debent
364 621 373 660 ,
386 585 537 663 tanquam
552 583 746 646 ordinarium
760 599 852 644 suum
864 580 1014 663 judicem.
1030 576 1117 640 Alius

188 690 246 752 per
257 692 290 734 se
305 675 433 754 quidem
445 675 659 756 incompetens
678 683 726 738 est
747 679 891 756 respectu
906 671 1043 753 partium
1059 668 1117 732 liti-

188 766 344 846 gantium,
360 768 449 849 cujus
463 772 569 832 tamen
579 769 831 850 jurisdictionem
838 771 943 845 partes
958 764 990 826 in
1003 783 1036 826 se
1046 781 1117 842 pro·

187 877 300 940 rogare
314 864 454 940 possunt.
471 861 557 922 Alius
570 861 705 941 denique
718 867 765 922 est
778 859 960 938 simpliciter
971 859 1115 935 respectu

69 977 71 981 ·
188 951 301 1014 harum
322 953 460 1032 partium
482 953 717 1033 incompetens,
740 953 793 1034 qui
809 971 867 1014 neo
876 949 1069 1014 ordinariam
1082 947 1115 1008 in

186 1047 291 1124 partes
300 1045 458 1124 litigantes
467 1045 717 1127 jurisdictionem
727 1046 833 1123 habet,
848 1061 905 1106 uec
912 1061 970 1123 per
976 1041 1114 1121 partium

186 1153 372 1200 consensum
389 1136 566 1218 jurisdictio
588 1137 655 1219 ejus
679 1139 711 1199 in
735 1139 792 1200 has
815 1140 921 1218 partes
948 1132 1111 1215 prorogari
1131 1209 1134 1216 Ι

186 1233 303 1309 potest;
320 1229 409 1311 cujus
424 1231 578 1294 sententie
593 1232 661 1311 ipso
673 1231 745 1313 jure
767 1237 818 1293 est
835 1229 943 1306 irrite,
958 1234 990 1289 ot
1003 1230 1114 1288 eontra

180 1319 275 1403 hujus
288 1323 449 1386 sententia
472 1324 647 1386 nullitatem
667 1342 792 1404 semper
814 1322 957 1403 excipere
979 1320 1110 1400 possunt

182 1418 304 1494 partes,
320 1414 364 1477 ite
378 1419 412 1478 ut
425 1435 587 1496 nunquam
601 1417 633 1479 in
647 1435 715 1478 rem
723 1417 898 1498 judicatam
912 1415 1069 1488 transeat,
1082 1411 1110 1474 si

184 1512 268 1571 certe
279 1511 400 1569 constet
414 1509 452 1570 de
461 1509 578 1590 judicis
594 1510 728 1572 absoluti
744 1507 998 1589 incompetentia.

224 1602 261 1662 ll.
285 1602 329 1662 De
344 1600 438 1662 variis
450 1602 562 1680 coceio,
579 1622 635 1666 seu
647 1603 760 1680 nodis,
779 1601 893 1682 quibus
912 1598 1111 1662 constituitur

184 1691 288 1754 lorum
300 1696 490 1771 competens
505 1694 661 1774 Ordiuarii
679 1700 752 1756 sunt
775 1697 910 1775 quatuor
924 1692 1025 1768 modi,
1042 1690 1111 1771 qui·

184 1784 359 1846 bustorum
374 1789 553 1865 competens
568 1786 775 1866 constituitur,
791 1790 823 1849 et
836 1786 964 1848 sortitur
978 1782 1107 1864 aliquis,

183 1881 277 1956 prout
289 1878 424 1940 habetur
435 1897 471 1938 ex
484 1897 553 1958 cap.
568 1879 638 1957 ult,
651 1881 682 1941 h.
690 1883 726 1957 t.,
739 1880 860 1942 ratione
872 1878 1019 1941 domicilii
1030 1876 1109 1938 scili·

127 1985 146 2007 '
184 1975 253 2047 oet,
267 1971 387 2032 ratione
399 1976 597 2050 contr-actua,
613 1974 735 2036 ratione
750 1972 870 2050 delicti,
887 1976 919 2034 et
931 1971 1052 2033 ratione
1064 1969 1110 2030 rei

183 2062 249 2128 sitm
269 2063 302 2123 in
324 2067 409 2126 certo
431 2063 587 2126 territorio
611 2066 727 2146 aliquo.
754 2068 872 2127 Praeter
894 2065 953 2126 hos
972 2069 1109 2145 quatuor

181 2156 308 2234 modos,
325 2157 365 2217 de
378 2157 492 2236 quihus
505 2159 599 2238 paulo
612 2163 701 2238 post,
727 2165 800 2221 sunt
822 2158 917 2220 etiam
939 2156 1109 2220 extraordi-

183 2248 261 2310 narii
281 2247 397 2330 aliqui,
420 2255 452 2312 et
473 2253 652 2331 generales,
668 2253 780 2333 quibus
795 2252 898 2314 lorum
917 2251 986 2332 quis
1006 2246 1107 2313 sortiri

164 2343 307 2420 ‘poterit

223 2434 274 2496 Sic
282 2437 384 2514 primo
395 2442 492 2515 petet,
510 2440 594 2518 quod
613 2440 745 2501 adveuae
762 2443 794 2502 et
807 2439 966 2521 peregrini
977 2438 1009 2499 in
1022 2435 1110 2499 ouria

183 2526 324 2585 Romana
333 2529 492 2587 conveniri
505 2532 634 2606 possint,
645 2531 670 2590 si
686 2535 793 2593 Romoe
806 2532 949 2607 existant,
966 2527 1109 2610 quamvis

183 2633 221 2676 ex
235 2615 318 2676 nullo
333 2615 393 2676 olio
407 2621 542 2696 quatuor
559 2621 726 2682 modorum
747 2623 835 2700 pn'us
853 2625 1108 2682 enumeratorum

181 2707 284 2769 lorum
305 2712 489 2788 competens
509 2713 617 2772 Romae
642 2713 830 2788 sortientur3
855 2713 960 2775 clerici
979 2711 1107 2792 quidem

181 2799 213 2860 in
228 2801 372 2863 omnibus
385 2803 486 2863 causis
499 2809 564 2866 tem
579 2805 816 2885 ecclesiasticis,
833 2798 928 2887 quam
948 2810 1107 2885 tempora-

181 2890 279 2970 libus,
303 2896 369 2954 tem
395 2893 557 2974 civilibus,
572 2915 667 2977 quam
693 2899 926 2974 criminalibus;
944 2898 1013 2960 laici
1030 2917 1105 2959 vero

180 2985 291 3048 saltem
304 2985 336 3049 in
358 2987 459 3049 causis
477 2990 517 3051 ad
537 2989 641 3053 lorum
668 2992 912 3057 ecclesiasticum
927 2990 1107 3072 pertiuenti-

179 3076 253 3154 hus,
268 3099 341 3142 oum
365 3080 449 3144 enim
469 3100 578 3146 omnes
596 3085 736 3150 eecleeiee
756 3087 851 3150 totius
869 3087 980 3152 mundi
994 3086 1056 3148 sint
1074 3084 1107 3146 iu
1144 3076 1147 3082 ’

178 3169 460 3254 territorioPepae,
482 3183 709 3258 consequenter
726 3185 870 3259 respectu
892 3181 1033 3242 omnium
1057 3197 1106 3240 ee·

179 3261 281 3324 elesiis
293 3263 353 3326 illis
367 3268 562 3346 subditorum
577 3277 757 3353 competens
768 3272 866 3353 judex
878 3278 924 3336 est
938 3277 1034 3354 Papa.

218 3356 278 3417 Per
298 3357 360 3420 hoe
378 3362 484 3424 tamen
508 3382 571 3426 non
590 3370 725 3446 negatur
744 3367 848 3430 taliter
871 3373 1045 3447 convento,
1068 3387 1106 3430 ex

175 3445 262 3527 jueta
285 3453 316 3512 et
330 3455 506 3516 necessaria
521 3473 635 3534 eausa,
660 3457 747 3522 litem
767 3459 826 3523 sibi
850 3463 957 3525 Rome
971 3462 1106 3525 intente-
