2586 4020
214 250 272 334 101
433 287 661 336 rasmrunonas
682 290 764 336 runis
786 288 941 336 canonica

215 430 364 512 quietate
375 431 590 514 juramentum
598 435 663 496 vim
674 433 895 496 transactionis
906 432 1003 494 habet
1016 451 1022 493 :
1038 448 1150 492 noces-

215 525 333 586 sarium
351 544 426 587 vero
446 526 665 608 ¹juramentum
680 547 698 589 a
715 528 823 609 judice
836 527 869 587 in
888 523 1151 604 'supplementum

215 619 409 699 probationis
423 620 464 680 ad
478 620 661 699 petitionem
676 622 789 683 actoris
803 638 857 681 reo
870 618 985 681 deterri
998 621 1101 696 potest
1113 616 1148 676 in

216 713 326 793 quavis
341 712 468 792 quidem
483 732 588 778 causa.

256 805 461 884 Excipiuntur
483 813 590 870 tamen
618 807 718 888 primo
755 824 857 868 ccusae
891 802 1085 880 criminales,
1113 802 1146 863 in

217 899 330 979 quibus
345 902 447 978 potest
459 900 587 979 quidem
597 900 696 981 judex
710 917 935 980 nonnunquam
946 916 1012 974 reo,
1026 897 1065 956 ad
1075 914 1149 975 pro-

216 992 356 1054 bandam
371 1010 461 1053 suam
481 993 695 1055 innocentiam
717 993 930 1074 juramentum
955 990 1094 1066 deferre,
1121 988 1149 1049 si

217 1087 304 1145 actor
329 1102 392 1145 non
416 1084 607 1147 sufficienter
637 1086 783 1165 probavit
816 1086 950 1162 crimen,
985 1099 1148 1163 nunquam

215 1181 322 1242 temen
338 1177 447 1255 actori,
460 1196 515 1238 seu
530 1179 703 1240 accusatori
719 1179 750 1239 in
765 1179 1019 1259 supplementum
1031 1175 1149 1255 proba-

217 1270 321 1347 tioniS,
336 1288 408 1332 cum
422 1270 454 1332 iu
463 1271 518 1332 tali
529 1290 614 1350 casu,
626 1273 651 1333 si
662 1271 864 1333 criminaliter
878 1274 1001 1350 agatur,
1010 1269 1147 1330 debeant

218 1382 286 1425 asse
301 1363 502 1444 probationes
515 1365 584 1426 luce
598 1365 774 1428 meridiana
788 1365 946 1427 clariores.

256 1457 461 1536 Excipiuntur
493 1458 630 1520 secundo
663 1477 765 1520 causae
798 1459 927 1519 famosae
960 1458 990 1518 et
1016 1455 1144 1528 arduae,

216 1549 359 1629 quamvis
373 1549 421 1610 his
434 1551 466 1610 in
482 1551 582 1612 causis
593 1552 726 1613 multum
737 1551 836 1631 possit
841 1549 957 1631 judicis
966 1547 1143 1610 arbitrium.

217 1641 321 1704 Tertio
333 1643 529 1721 excipiuntur
542 1662 644 1706 oausae
660 1643 916 1720 matrimoniales,
926 1642 959 1703 in
972 1641 1085 1722 quibus
1099 1658 1147 1700 re-

217 1735 367 1815 gulariter
377 1734 557 1816 juramento
572 1737 763 1816 suppletorio
778 1737 866 1798 locos
879 1754 942 1797 non
957 1737 1014 1796 ost.

258 1829 292 1890 In
316 1828 419 1902 causis
446 1829 478 1890 in
492 1828 606 1909 quibus
620 1829 794 1908 periculum
811 1829 923 1892 animae
950 1831 1005 1890 aut
1027 1825 1147 1907 peccati

218 1921 335 1998 subest,
353 1925 454 2000 potest
471 1921 569 2002 judex
581 1941 619 1982 ex
630 1923 732 1984 officio
759 1942 826 2000 suo,
844 1921 1059 1984 deficientibus
1078 1918 1147 1980 aliis

218 2013 475 2093 probationibus,
515 2014 540 2074 si
575 2015 679 2077 adsint
710 2015 971 2095 presumptiones
1010 2013 1144 2094 aliquas,

220 2105 344 2186 exigere
360 2106 576 2187 juramentum
599 2107 638 2169 de
659 2109 791 2170 veritate
809 2108 943 2169 dicenda
960 2105 1144 2186 apartibus,

218 2199 360 2279 cogendo
373 2200 467 2262 etiam
479 2219 532 2262 eas
547 2201 587 2260 ad
602 2201 635 2261 id
650 2202 790 2263 censuris
804 2200 1031 2262 ecclesiasticis.

440 2348 496 2400 5111.
507 2359 536 2390 na
547 2358 772 2392 rmaarnnrurioxa
780 2357 928 2390 tonsurari.

259 2468 396 2528 XXXIX.
430 2469 540 2539 Quoad
567 2468 790 2548 obligationem
821 2485 911 2528 suam
938 2466 1043 2527 stricte
1071 2463 1146 2524 illud

219 2558 417 2636 interpretari
449 2563 582 2637 oportet,
608 2563 760 2641 quantum
790 2559 923 2621 materia
946 2559 1029 2619 circa
1053 2574 1145 2637 quam

218 2652 371 2726 versetur,
396 2654 427 2712 et
442 2652 540 2714 verba
558 2653 640 2731 pacti
662 2654 712 2714 vel
733 2651 957 2732 promissionis,
979 2651 1028 2712 oui
1042 2648 1146 2730 adjici-

217 2747 278 2820 tur,
293 2741 500 2822 permiserint,
513 2744 587 2825 quia
597 2745 650 2806 ubi
661 2746 699 2807 de
712 2745 901 2826 obligatione
910 2743 1024 2824 agitur,
1041 2742 1147 2806 stricta

218 2835 285 2897 fieri
301 2836 394 2897 debet
405 2835 631 2917 interpretatio.
648 2839 687 2900 ut
701 2857 772 2900 cum
793 2856 850 2900 nec
865 2838 965 2914 favor,
989 2855 1047 2897 nec
1061 2851 1145 2897 reve-

217 2929 319 2992 rentia
329 2929 500 3011 juramenti
515 2931 610 2992 talem
623 2932 835 2994 extensionem
850 2932 988 3010 exigant,
1011 2929 1146 2990 sanetius

218 3023 375 3102 servandi,
406 3024 434 3085 si
460 3023 567 3086 stricta
590 3025 672 3086 illius
700 3025 740 3087 sit
759 3024 996 3104 interpretatio:
1025 3027 1057 3085 et
1077 3021 1146 3083 hino

214 3118 430 3198 juramentum
443 3118 632 3197 generaliter
647 3119 765 3180 editum
788 3115 998 3180 adservanda
1021 3117 1144 3192 statuta,

217 3229 248 3270 v.
261 3229 307 3289 g,
323 3211 447 3272 extendi
467 3229 530 3272 non
545 3215 648 3290 potest
666 3211 707 3272 ad
727 3215 844 3274 statuta
858 3209 976 3283 illicita,
993 3205 1147 3290 nequead

218 3305 335 3363 statuta
348 3303 654 3381 postmodumfaota,
674 3321 775 3382 neque
799 3303 840 3363 ad
859 3303 1015 3365 servanda
1034 3304 1147 3364 statuta

219 3413 277 3455 usu
290 3413 350 3457 non
360 3399 497 3476 recepta,
515 3414 587 3457 cum
601 3396 709 3458 stricta
714 3395 884 3477 juramenti
897 3396 970 3458 facti
984 3393 1145 3476 explicatio

220 3487 260 3549 ad
275 3486 343 3550 haec
354 3489 430 3551 tnlia
444 3506 477 3550 se
490 3506 553 3551 non
570 3488 727 3552 extendat.
