2584 4022
543 265 581 312 nn
602 265 741 315 suemus.
1077 253 1118 314 87

181 410 270 489 parte
284 410 449 488 prasente,
466 407 517 470 vel
538 409 638 472 altera
654 411 750 472 etiam
764 411 905 488 absente,
922 411 947 474 si
962 411 1058 475 citata
1071 414 1120 474 ta-

182 521 254 564 meu
268 501 373 578 tuerit,
399 505 430 564 et
445 506 614 565 contumax
628 505 789 566 declarata
803 503 853 580 sit,
870 504 1036 584 publicari,
1056 519 1119 568 uon

182 595 309 677 quidem
322 595 410 674 quasi
427 596 468 658 ad
483 596 692 658 substantiam
706 615 871 676 processus
877 597 1036 675 judiciarii
1051 599 1119 662 haec

180 686 351 768 publicatio
376 687 541 767 pertineat,
565 692 596 750 et
619 694 849 770 consequenter
869 690 967 769 ipsius
991 691 1117 753 omissio

181 781 299 844 nullam
313 781 426 844 reddat
447 782 634 844 sententiam
647 782 746 844 latam
768 783 853 862 (qnia
871 782 938 844 sine
960 783 1119 846 examina-
1160 789 1163 796 '

179 875 264 938 tione
279 875 407 938 testium
419 894 458 936 ex
470 874 696 952 instrumentis,
713 895 743 937 v.
770 895 815 956 g.,
838 880 943 956 potest
955 876 1031 938 ferri
1049 895 1118 938 sen-

180 968 301 1048 tentia),
310 968 457 1050 sedquod
467 969 643 1031 necessario
656 987 693 1029 ex
704 973 862 1049 praeepto
872 970 1062 1050 requiratur,
1075 970 1119 1033 itu

181 1065 217 1124 ut
243 1062 269 1123 si
290 1061 406 1123 omissa
420 1061 471 1139 sit,
498 1062 640 1142 quamvis
659 1080 734 1141 pars
757 1081 827 1123 eam
841 1062 997 1142 petiverit,
1020 1062 1118 1143 judex

181 1159 286 1218 autem
296 1157 501 1232 recusaverit,
513 1157 672 1235 appellare
683 1173 756 1236 pars
767 1155 821 1216 illa
835 1155 944 1234 possit.

219 1251 354 1311 Possunt
379 1252 486 1310 tamen
509 1249 724 1312 attestationes
749 1250 782 1309 in
810 1248 914 1329 priore
935 1249 1055 1330 judicio
1070 1269 1118 1312 re·

182 1346 280 1422 cepta
290 1343 322 1404 in
335 1342 433 1404 altero
443 1341 573 1424 judicio,
588 1342 615 1403 si
630 1360 725 1422 snper
748 1341 860 1403 eadem
874 1361 968 1404 causa
981 1346 1012 1405 et
1023 1361 1118 1424 super

179 1436 292 1498 iisdem
306 1435 456 1512 articulis,
471 1439 503 1496 et
519 1435 602 1496 inter
614 1435 743 1497 easdem
752 1453 914 1514 personas,
927 1439 1000 1513 etc,
1010 1436 1115 1514 luerit,

180 1529 335 1608 publicari
350 1529 437 1608 (quia
444 1528 536 1610 juxta
555 1528 640 1591 dicta
654 1529 749 1590 etiam
762 1529 795 1589 in
814 1528 875 1589 alio
884 1528 1005 1610 judieio
1020 1530 1116 1592 fidem

178 1623 308 1698 faciunt,
324 1626 355 1684 et
370 1640 532 1684 successor
543 1622 576 1683 in
596 1621 717 1703 judicio
729 1621 813 1682 idem
826 1623 916 1701 qnasi
925 1622 1025 1704 judex
1039 1641 1111 1686 oum

177 1715 283 1796 priore
296 1714 464 1793 censetur),
474 1718 505 1776 et
519 1715 664 1777 omnibus
680 1721 823 1795 prosunt,
837 1715 951 1794 quihus
963 1715 1114 1797 prodesse

181 1811 286 1889 potest
300 1827 350 1870 res
368 1808 521 1890 judicata.
539 1811 647 1889 Neque
668 1815 774 1870 tamen
794 1814 928 1889 recepta
941 1810 1115 1872 attestatio-

180 1919 237 1962 nes
252 1901 334 1964 intcr
351 1907 457 1980 partas
479 1900 694 1982 principaliter
708 1900 867 1981 litigantes
879 1901 919 1962 ad
931 1901 1115 1980 petitionem

179 1994 264 2058 tertii
274 1994 511 2056 intervenientis
519 1993 551 2054 in
559 1993 679 2073 judicio
689 1993 843 2073 publicari
853 1993 980 2071 dehent,
993 1993 1114 2057 etiamsi

179 2086 262 2148 illius
284 2087 388 2168 aliquo
413 2086 509 2148 modo
525 2085 648 2148 intersit
663 2086 714 2165 (ne
736 2086 882 2148 videatur
896 2086 1114 2168 prejudicium

181 2179 308 2260 aliquod
339 2179 482 2260 partibus
517 2178 730 2258 principaliter
752 2178 947 2258 litigantibus
982 2180 1112 2260 inferri),

180 2272 323 2352 quamvis
347 2272 372 2333 si
390 2272 454 2353 juri
476 2290 533 2334 suo
553 2271 651 2335 velint
665 2275 771 2352 partes
797 2271 920 2348 cedere,
944 2272 1113 2352 publicatio

180 2367 248 2428 fieri
261 2366 369 2448 possit.

221 2449 330 2523 XXVI.
352 2457 400 2520 Aa
412 2465 479 2539 port
484 2457 714 2540 publicationem
724 2456 943 2519 attestationum
957 2455 1045 2518 iidem
1059 2463 1115 2516 tes-

182 2560 233 2636 tes,
244 2552 292 2614 vel
307 2551 374 2614 oleta
390 2571 478 2633 saper
488 2551 589 2614 iisdmt
609 2549 754 2629 articulis,
766 2551 813 2614 vel
824 2551 981 2613 contrariis
989 2549 1117 2632 produci

181 2645 439 2727 ctrecipiposriat,
450 2645 498 2708 ael
511 2643 588 2705 eoa?
602 2644 733 2708 Articuli
762 2645 816 2726 qui
830 2645 914 2727 parti
926 2643 1133 2734 proponenti·

181 2739 337 2820 probandi
361 2738 549 2819 regulariter
563 2741 648 2814 sunt,
672 2739 724 2800 alii
739 2738 887 2801 dicuntur
907 2738 1038 2818 antiqui,
1061 2736 1113 2799 alii

182 2833 329 2895 dicuntur
352 2832 441 2909 novi,
458 2831 511 2892 alii
532 2832 746 2912 dependentes
762 2831 953 2910 abantiquis
970 2828 1113 2909 :antiqui

183 2927 341 3003 dicuntur,
356 2925 408 3006 qui
416 2924 484 3006 jam
499 2930 570 2986 ante
584 2924 873 3004 proposititueruut
886 2924 918 2984 in
928 2923 1045 2998 libello,
1062 2941 1115 2982 su-

181 3039 238 3101 per
250 3019 374 3100 quibus,
400 3018 427 3080 si
438 3021 533 3080 testes
548 3017 687 3096 legitime
709 3017 778 3097 jam
792 3016 938 3096 producti
951 3019 983 3078 et
996 3014 1113 3093 recepti

181 3115 318 3190 fuerunt,
331 3131 368 3174 ao
388 3111 603 3174 attestationes
615 3108 793 3188 publicatae,
811 3108 879 3189 jam
892 3127 956 3170 non
966 3106 1112 3187 amplius,

182 3210 236 3270 aut
248 3207 301 3267 alii
315 3204 534 3282 admittuntur,
550 3207 584 3266 ut
595 3201 633 3263 ex'
642 3202 732 3264 dietis
747 3206 844 3282 patet.

221 3299 302 3362 Novi
324 3301 406 3375 sunt,
433 3298 487 3378 qui
510 3315 573 3359 non
589 3299 662 3358 sunt
685 3295 849 3377 propositi,
867 3298 899 3357 et
921 3295 960 3356 ad
985 3311 1114 3356 eausam

182 3389 300 3454 motam
315 3396 388 3455 sunt
402 3391 651 3470 impertinentes,
668 3407 770 3470 neque
784 3389 897 3472 juvant
907 3388 1114 3451 intentionem

181 3486 362 3555 actoriseut
385 3484 442 3562 rei,
464 3485 517 3566 qui
532 3483 655 3548 articuli
685 3483 813 3547 omnino
835 3481 1020 3565 rejiciuntur
1033 3501 1052 3541 a
1062 3480 1115 3561 ja·

1262 3173 1265 3214 l

1261 3221 1264 3288 l

1260 3295 1263 3334 l

1259 3411 1261 3464 Ι

1259 3465 1260 3525 l
