2586 4020
176 235 215 296 94
403 243 635 294 lnsnlrnrmltns
654 245 737 292 lunis
759 245 914 292 cenorum.

175 393 243 454 tum
257 407 320 452 non
334 389 374 451 ed
394 389 593 469 probandum
608 435 616 467 ,
633 387 690 450 sed
704 389 746 450 od
766 389 888 468 priores
901 389 1104 469 probationes

175 487 298 546 tuntum
325 483 545 554 declarandam
582 486 613 545 et
633 483 822 561 generaliter
842 484 1105 565 quandocumque

176 576 281 656 eliqua
292 576 378 657 juste
392 595 487 638 cause
498 575 596 657 judici
612 575 742 638 subesse
763 575 898 640 videtur.
926 579 1034 639 Potest
1056 583 1106 640 te'-

174 688 247 731 men
259 668 353 731 etiem
369 668 477 748 judex,
495 672 567 730 onte
582 668 814 730 conclusionem
826 668 859 728 in
874 687 970 731 cause
984 673 1104 732 certum

173 765 296 841 tempus
310 761 452 841 portibus
466 764 615 838 statuere,
627 760 667 822 ed
680 761 749 822 lites
762 761 1003 840 ehbreviendes,
1021 763 1104 826 intre

174 855 259 936 qood
272 849 480 917 instrumento
490 873 548 915 sua
561 854 736 933 producere
747 853 894 916 debeant.

212 947 356 1010 Devoriis
369 945 585 1027 conceptionibus
604 955 781 1027 quocontra
793 946 984 1008 instromenta
997 948 1106 1030 opponi

83 1106 85 1109 ,
171 1048 302 1120 possunt.
311 1043 346 1100 ln
361 1058 478 1118 genere
490 1039 552 1101 dici
565 1043 677 1118 potest,
692 1039 774 1119 quod
787 1040 984 1118 exceptiones
995 1045 1104 1104 contre

170 1134 388 1210 instrumente,
396 1133 446 1194 vel
457 1132 792 1194 desumnntureceuse
800 1131 964 1211 efficiente,
974 1137 1008 1196 ut
1017 1134 1102 1214 quod

173 1243 237 1289 non
249 1243 269 1288 e
281 1225 422 1304 legitimo
434 1224 619 1286 auctoritate
632 1225 774 1286 coniectu
793 1225 874 1299 sint;
897 1226 948 1287 vel
968 1245 988 1286 s
1007 1243 1102 1288 cause

172 1317 337 1395 materiali,
354 1321 389 1380 ut
403 1317 488 1396 quod
502 1317 564 1378 sint
584 1317 623 1378 de
635 1336 669 1378 re
691 1316 818 1391 illicite3
834 1317 885 1379 vel
899 1317 1103 1381 desumantur

169 1431 190 1474 o
212 1429 310 1474 eeuse
331 1411 476 1488 formali,
499 1413 534 1472 ut
555 1411 639 1490 quod
662 1410 742 1472 desit
764 1411 975 1474 substantiolis
996 1411 1102 1492 eliqua

171 1505 363 1581 solemnitas,
380 1507 439 1564 etc.
456 1505 492 1564 ln
513 1503 618 1582 specie
641 1521 715 1565 vero
731 1507 840 1569 contre
861 1503 1102 1568 instrumentum
1185 1579 1187 1584 Ι

172 1598 289 1676 opponi
301 1599 417 1675 potest,
441 1595 542 1674 primo
557 1595 641 1675 quod
661 1596 781 1657 falsum.
794 1596 953 1658 contineat
974 1597 1047 1677 (quo
1069 1597 1101 1659 in

171 1708 246 1754 casu
270 1688 480 1750 exhibendum
507 1687 569 1751 tale
593 1687 835 1750 instrumentum
855 1688 954 1768 judici
975 1690 1007 1751 in
1031 1690 1100 1752 loeo

172 1801 294 1860 securo,
315 1786 346 1844 et
357 1781 439 1844 intro
451 1785 573 1860 tempus
588 1782 751 1860 prefixum
762 1800 781 1843 e
790 1781 908 1862 judice,
921 1783 1004 1844 utde
1019 1783 1101 1846 felsi-

171 1880 235 1938 tate
245 1873 294 1936 hic
307 1877 486 1954 cognoseat,
501 1891 570 1954 quoe
581 1891 645 1935 non
657 1874 797 1953 inspecto
808 1874 1014 1938 instrumento
1029 1875 1100 1936 sciri

173 1987 235 2030 noo
249 1967 374 2056 potest),
391 1967 436 2028 ite
449 1970 485 2029 ut
494 1965 519 2026 si
532 1985 571 2026 ex
584 1985 648 2028 une
661 1970 783 2028 tentum
802 1973 891 2047 perte
910 1968 950 2029 sit
961 1969 1073 2030 falsum
1089 2015 1098 2048 ,

170 2064 272 2124 totum
286 2063 466 2139 suspectum
478 2059 639 2136 reddetur,
657 2059 715 2120 uisi
724 2061 844 2123 falsitas
856 2061 955 2124 subsit
968 2062 1099 2124 articulo

171 2171 299 2233 prorsus
323 2152 458 2231 diverso,
480 2155 511 2215 et
532 2155 677 2232 separato
697 2152 737 2213 eh
766 2153 834 2214 eliis
856 2153 933 2216 nibil
953 2154 1100 2216 connexis

172 2265 245 2308 oum
270 2245 322 2308 illo
346 2245 446 2324 felso,
475 2245 551 2308 utile
578 2245 662 2308 enim
684 2264 742 2326 per
764 2245 872 2310 inutile
905 2247 1007 2309 vitiari
1036 2265 1098 2312 non

43 2423 47 2431 ι
171 2339 275 2402 debet.

211 2432 380 2508 Secundo,
403 2433 518 2512 opponi
540 2436 644 2512 potest
675 2434 760 2512 quod
782 2433 822 2496 sit
846 2437 1000 2497 uetustate
1024 2453 1099 2498 con·

170 2527 341 2602 sumptum,
358 2524 586 2601 cancellatum,
604 2525 655 2585 vel
669 2525 824 2602 deletum,
842 2530 877 2589 ut
889 2526 951 2605 legi
964 2529 1098 2607 emplius

170 2633 233 2676 non
248 2613 357 2692 possit,
379 2615 430 2675 rel
444 2633 507 2676 non
527 2615 632 2678 debito
655 2617 749 2678 modo
773 2618 950 2697 signatum,
965 2622 1016 2682 vel
1037 2621 1098 2684 elio

170 2706 264 2768 modo
279 2705 444 2784 vitiatum,
461 2711 496 2769 ut
514 2707 626 2769 merito
648 2708 858 2787 suspicionem
880 2711 1025 2774 falsitatis
1049 2714 1099 2774 in-

171 2801 275 2863 ducet.

209 2893 326 2972 Tertio,
336 2894 453 2974 opponi
463 2895 701 2974 multepossunt
710 2899 819 2960 contro
833 2897 970 2978 sigillum
982 2897 1099 2962 instro*

170 2995 276 3050 mento
300 2987 499 3067 oppositum,
520 2989 605 3069 quod
627 2989 797 3056 enormiter
810 2993 943 3055 fractum
957 2989 998 3055 sit
1014 3039 1022 3070 ,
1041 3009 1097 3055 sen

171 3081 341 3159 sculpture,
352 3081 494 3161 etimngo
506 3081 608 3144 delete
622 3129 630 3160 ,
644 3082 688 3144 ite
700 3087 735 3145 ut
747 3102 785 3144 ex
799 3089 887 3164 perte
897 3084 1024 3148 residue
1033 3103 1096 3150 non

170 3175 268 3252 possit
281 3174 355 3236 setis
369 3175 474 3254 colligi
489 3174 578 3256 cujus
592 3175 641 3253 sit,
660 3193 762 3257 neque
776 3196 815 3238 ex
833 3179 980 3258 imagine,
994 3199 1096 3262 neque

171 3284 210 3325 ex
229 3266 339 3328 litteris
360 3267 478 3328 circum
498 3268 627 3348 sculptis
651 3288 713 3330 non
733 3272 866 3351 emplius
894 3273 1094 3354 legibilibus,

171 3358 256 3440 quod
266 3361 370 3439 figure
381 3359 524 3440 dignitati
546 3361 709 3442 sigillantis
725 3383 788 3426 nou
810 3367 994 3442 conveniet;
1012 3369 1097 3449 quod

170 3467 280 3533 regem
298 3451 419 3532 potius,
443 3472 538 3533 quom
551 3455 731 3536 pontificem
751 3459 888 3542 referet,
905 3480 978 3524 cum·
990 3465 1101 3546 temen
