2584 4022
535 301 572 347 on
594 295 732 348 icareus.
860 325 864 331 .
1067 285 1105 347 93

173 443 428 523 instrumentum,
446 451 477 506 et
491 443 549 506 uisi
565 448 653 506 ectus
666 444 707 505 ed
722 444 768 505 sui
783 443 1022 505 substantialem
1035 463 1107 524 per·

173 540 342 601 sectionem
353 539 542 619 scripturam
560 537 711 616 requirat,
728 540 801 597 aute
816 536 1014 599 instrumenti
1035 557 1107 616 per-

172 632 342 694 fectionem
350 630 490 693 nondum
498 629 678 709 perfectus),
691 629 882 710 itaquidem,
894 633 930 690 ut
941 629 966 700 si
975 630 1106 692 dubium

173 727 320 786 occurrat
329 725 361 785 in
375 723 595 798 instrumento,
613 722 698 801 quod
709 741 747 784 ex
759 721 931 800 protocollo
942 722 1020 782 solvi
1033 741 1108 802 pos-

173 818 224 894 sit,
241 817 388 879 standum
403 816 443 877 sit
456 815 646 894 protocollo;
663 818 693 876 et
706 816 733 876 si
741 814 881 900 fortassis
900 815 1042 876 notarius
1054 815 1106 896 qui

174 911 382 990 protocollum
404 909 549 985 coniecit,
571 913 643 969 anie
665 907 863 970 instrumenti
881 908 1108 970 coniectionem

173 1006 316 1064 mortuus
331 1003 380 1078 sit,
398 1001 507 1080 possit,
531 1001 556 1061 si
573 1004 679 1080 partes
693 1001 900 1078 consentiant,
918 1001 997 1062 elius
1017 1003 1109 1063 nota-

174 1095 239 1156 rius
254 1111 327 1156 cum
340 1094 525 1155 auctoritate
537 1092 652 1173 judicis
659 1093 809 1155 ordinarii
820 1093 1060 1156 instrumentum
1070 1112 1109 1154 ex

175 1183 283 1248 relicto
297 1187 470 1267 protocollc
486 1185 651 1249 conficere.

214 1280 323 1342 XXXI.
340 1277 386 1340 De
404 1278 595 1359 productione
611 1280 880 1342 instrumentorum.
896 1282 1108 1342 iustrumenta

174 1375 276 1452 potest
287 1376 420 1452 utraque
431 1390 504 1451 pars
519 1371 706 1450 producere,
722 1372 879 1433 ordinarie
897 1391 961 1433 non
983 1376 1107 1433 tantum

174 1468 246 1544 post
257 1464 344 1526 litem
359 1468 577 1541 contestatam,
590 1465 645 1526 sed
661 1465 756 1526 ctiam
770 1468 842 1545 post
862 1465 1108 1544 publicationem

175 1557 419 1634 attestationum,
435 1558 535 1619 donec
549 1557 582 1617 in
597 1575 692 1619 causa
707 1558 890 1620 conclusum
905 1557 955 1619 sit.

183 1731 186 1736 ,
214 1653 322 1730 Neque
346 1649 429 1710 enim
452 1651 484 1710 in
506 1650 560 1712 teli
582 1650 787 1729 productione
801 1651 1105 1726 instrumentorum,

175 1752 246 1824 post
258 1737 502 1822 publicationem
525 1743 759 1805 attestationum
778 1745 916 1821 iactam,
934 1744 1107 1824 periculum

175 1839 222 1898 est
235 1835 367 1915 alicujus
381 1835 624 1913 subornationis,
639 1836 720 1899 sicut
729 1841 829 1914 esset,
844 1837 869 1898 si
880 1837 989 1899 liceret
1003 1836 1107 1898 adhuc

174 1932 269 1990 testes
284 1929 479 2008 producere;
502 1929 616 1989 mirum
633 1947 707 2008 ergo
721 1947 784 1991 non
799 1933 856 2007 est,
871 1929 932 1992 hoc
947 1948 1015 1992 esse
1034 1947 1107 2008 pro-

174 2021 321 2099 hibitum,
335 2040 398 2082 non
411 2025 517 2082 autem
529 2021 605 2082 illud
624 2040 630 2080 :
647 2026 718 2100 post
731 2023 964 2084 conclusionem
983 2040 1058 2084 vero
1074 2021 1106 2083 in

175 2132 270 2176 causo
293 2115 502 2176 instrumenta
520 2114 651 2193 produci
673 2132 736 2194 non
753 2134 845 2195 posse
864 2116 998 2195 amplius
1014 2161 1023 2194 ,
1039 2115 1107 2194 ipse

174 2210 289 2269 natura
301 2207 509 2269 conclusionis
523 2205 617 2284 facit,
633 2227 703 2288 quac
721 2213 768 2270 est
788 2209 978 2270 renuntiatio
996 2209 1107 2270 saltem

173 2299 269 2362 tacite
282 2299 382 2361 omnis
395 2299 550 2361 ulterioris
559 2299 764 2377 probationis,
774 2300 871 2362 nisiin
879 2300 972 2362 certis
983 2299 1106 2362 casibus

175 2393 339 2464 ubietiam
356 2409 439 2472 saepe
463 2398 533 2470 post
557 2391 745 2453 sententiam
767 2392 942 2454 admittitur
961 2391 1106 2470 probatio

174 2503 232 2565 per
240 2484 458 2562 instrumente,
470 2485 496 2545 si
509 2485 553 2546 ite
564 2483 664 2564 judici
678 2503 716 2545 cx
729 2485 831 2546 officio
843 2485 990 2565 expedire
1000 2484 1106 2546 ridea-

173 2579 244 2652 tur;
260 2577 375 2658 sipost
395 2577 629 2640 conclusionem
654 2579 687 2639 in
707 2596 803 2640 causa
822 2578 960 2659 primum
982 2581 1107 2658 reperta

173 2671 246 2748 sint,
259 2674 291 2733 et
301 2670 408 2751 jurare
423 2670 499 2731 velit
509 2689 583 2751 pars
597 2672 786 2750 producere,
804 2672 888 2751 quod
907 2673 994 2734 nulla
1008 2670 1107 2750 negli-

174 2764 281 2844 gentis
293 2764 324 2825 in
336 2763 397 2825 illis
411 2763 497 2842 prius
509 2763 703 2844 inquirendis
719 2765 942 2841 intervenerit,
962 2765 1107 2845 ignorata

174 2860 281 2918 tomen
292 2856 425 2930 fuerint;
443 2856 468 2916 si
483 2857 698 2935 producantur
710 2858 750 2919 ed
775 2857 988 2919 innocentiam
1009 2856 1054 2917 rei
1073 2857 1106 2917 in

175 2967 271 3012 eausa
283 2948 436 3010 criminali
446 2949 657 3027 probandam
668 2950 693 3011 si
705 2955 794 3028 parte
808 2950 940 3011 adversa
953 2951 1106 3029 praesente

174 3045 206 3104 ct
220 3042 297 3102 nihil
307 3041 540 3103 contradicente
554 3041 845 3120 instrumentorum,
853 3041 1018 3122 productio
1027 3040 1107 3102 reci-

175 3135 289 3214 piatur.

215 3227 247 3290 Si
262 3227 445 3289 asententia‘
456 3227 551 3289 fuerit
564 3228 768 3308 appellatum,
784 3246 846 3307 quc
862 3227 893 3288 in
904 3245 979 3288 casu
992 3227 1108 3289 instru-¹

174 3325 281 3384 menta
294 3320 425 3400 produci
440 3325 571 3400 possunt
582 3323 653 3400 post
668 3321 855 3382 sententiam
874 3320 1035 3402 injudicio
1051 3339 1107 3400 ep-

174 3412 362 3494 pellaticuis,
386 3431 520 3495 quorum
545 3412 743 3493 productioni
768 3413 800 3474 in
828 3411 932 3492 priore
958 3413 1107 3476 instantia

176 3505 323 3600 obstabat
335 3505 497 3573 conclusio
506 3506 539 3572 in
552 3524 663 3591 causa;
677 3505 704 3567 si
716 3507 911 3596 producetur
920 3507 1106 3597 instrument
