2586 4020
164 271 224 334 l'la
383 277 615 334 rasr1rurr0nrs
635 287 719 335 runis
740 285 895 335 aaronica.

164 429 329 494 sedetiam
343 429 534 509 honorificis,
547 431 594 495 uti
605 433 714 510 tutela,
730 430 944 510 cura,exaetie
956 437 1101 502 ¹annona-

164 541 247 601 rum,
263 533 418 604 pagorum
430 531 461 586 et
473 525 597 586 urbium
606 524 810 606 gubernatio,
824 524 1031 606 pecuniarum
1047 526 1099 586 vel

165 617 351 680 horreorum
363 619 562 698 publicorum
573 617 820 693 administrati03

205 714 236 772 3⁰
258 711 367 784 Quoad
377 711 593 793 onerapadlioa
603 731 615 772 .·
629 715 702 773 sunt
713 711 798 772 enim
813 712 949 791 exempti
964 712 1100 773 atribu-

163 804 205 866 tis
223 804 273 866 vel
294 803 501 885 vectigalibus
520 805 586 867 sive
606 805 767 881 realibuS,
790 805 856 866 sive
879 804 1098 885 personalibus

165 915 235 978 qure
248 897 365 958 debent
379 895 483 959 caeteri
500 898 594 960 cives.

204 990 388 1052 immunitas
399 990 498 1051 locutas
515 990 629 1052 dieitur
641 991 797 1070 exemptio
816 1009 922 1053 rerum
936 997 967 1053 et
981 991 1099 1054 aedium

164 1073 356 1144 sacraruma
372 1082 514 1146 civilibus
534 1083 641 1145 usibus
660 1091 692 1145 et
711 1084 794 1146 civili
812 1083 1040 1164 jurisdictione,
1062 1091 1099 1146 ut

121 1211 124 1218 ·
163 1176 261 1238 sanans
276 1178 307 1238 et
321 1175 539 1238 ecelesiasticis
548 1177 656 1238 usibus
669 1177 761 1238 unice
772 1182 804 1238 et
817 1177 976 1239 liberrime
991 1177 1097 1240 deser·

163 1265 260 1331 viani.
278 1270 344 1331 Hoc
359 1269 592 1348 exprimebatur
603 1269 657 1330 illa
665 1269 854 1331 caeremonia
866 1288 929 1349 qna
938 1287 1029 1349 reges
1047 1288 1097 1331 eo·

164 1362 291 1424 alesiam
304 1360 474 1442 ingressuri
490 1362 636 1423 diadema
646 1361 855 1441 deponebant,
865 1366 896 1423 et
906 1368 995 1423 extra
1009 1361 1096 1424 illam

69 1487 75 1499 ι
163 1454 339 1516 custodiam
353 1454 582 1535 relinquebant,
592 1454 636 1516 ita
647 1455 837 1516 obtestantes
849 1455 933 1535 qnod
946 1455 1094 1536 majestas

164 1549 195 1610 et
214 1545 370 1627 quidquid
393 1547 480 1607 aliud
495 1547 577 1625 sapit
601 1547 739 1608 civilium
762 1547 962 1626 negotiorum
987 1567 1097 1610 auram

163 1654 263 1719 usque
278 1640 319 1699 ad
330 1639 452 1700 ostium
471 1640 580 1718 templi
599 1641 815 1720 pertingeret,
834 1645 907 1720 post
928 1640 1024 1703 limen
1045 1661 1097 1704 ec-

163 1731 266 1794 clesiae
290 1733 390 1794 omnis
411 1731 586 1813 jurisdictio
608 1731 707 1793 civilis
736 1739 872 1794 cessaret
892 1737 1043 1815 tanquam
1069 1736 1095 1796 ai
1174 1741 1176 1746 '

163 1843 256 1886 suum
270 1825 463 1888 territorium
477 1831 558 1886 esset
569 1830 794 1904 praetergressa
808 1847 814 1888 :
834 1845 897 1888 uno
911 1827 1007 1888 verbo
1021 1827 1097 1889 eivi-

161 1917 200 1979 lis
210 1918 382 1983 ¹auctoritas
393 1937 462 1982 oum
471 1918 615 1981 omnibus
626 1917 759 1996 negotiis
772 1936 841 1999 quae
856 1919 1004 1980 adfinem
1015 1924 1096 1982 tem·

165 2010 305 2090 poralem
317 2011 498 2091 reipublicae
513 2011 630 2072 directo
645 2008 847 2088 ordinantur,
865 2018 952 2072 extra
962 2011 1095 2093 januam

163 2103 303 2164 ecelesiae
318 2101 557 2184 deponebatur,
580 2121 652 2165 eum
670 2103 754 2165 intra
774 2105 927 2167 ambitum
949 2105 1096 2166 ecclcsia-

163 2213 233 2256 rum
247 2214 311 2257 una
324 2200 406 2259 esset
420 2196 601 2274 auotoritas,
617 2195 765 2258 videlieet
778 2197 1005 2274 ecclesiastiea,
1021 2213 1094 2276 quae

162 2289 380 2351 moderaretur
392 2309 430 2351 ea
445 2291 551 2352 omnia
566 2308 636 2370 quae
654 2289 696 2350 ad
711 2290 806 2350 linem
825 2293 950 2352 aeternae
964 2289 1095 2351 felicita·-

151 2375 201 2443 'iis
216 2382 334 2445 directo
350 2384 545 2447 ordinantur.

202 2478 233 2536 1⁰
253 2475 375 2538 Vetitur
389 2463 562 2538 in'ecol'esi'a
576 2475 732 2554 venditio,
748 2476 917 2557 negotiatio
934 2482 965 2537 et
984 2493 1093 2537 omnes

152 2564 216 2627 'alii
231 2572 421 2630 contractus.

201 2663 234 2720 2⁰
254 2661 271 2722 J
275 2659 379 2720 udieia
388 2660 521 2739 laicalia,
537 2663 602 2723 sive
617 2662 720 2724 civilia
733 2663 798 2724 sive
812 2661 995 2724 criminalia.

201 2751 363 2814 3⁰‘oivilia
389 2749 525 2833 comitia,
552 2755 658 2818 civiles
676 2759 860 2834 conventus
884 2753 990 2818 civiles
1019 2775 1094 2817 con·

161 2843 278 2923 oione‘S,
290 2838 415 2925 theatri,
431 2847 508 2910 ludi.

200 2940 233 3000 4⁰
254 2941 391 3018 captura
416 2959 564 3018 reorum,
591 2961 652 3022 quo
672 2945 762 3005 fieret
779 2947 815 3006 ut
835 2943 947 3005 debitia
964 2947 1091 3005 -ebaere

161 3032 263 3094 alieno
278 3033 401 3110 obruti,
419 3040 473 3095 ant
490 3034 536 3094 rei
552 3035 718 3096 criminum
742 3036 782 3097 ad
802 3037 965 3097 ecelesiam
982 3037 1092 3098 eoniu-

160 3124 281 3204 gientes
294 3127 383 3206 quasi
404 3127 458 3189 liei
475 3145 568 3208 opem
582 3132 615 3188 et
627 3123 875 3191 misericordiam
896 3129 971 3191 lacti
991 3129 1090 3208 poeni-

149 3219 260 3279 tentes
272 3219 490 3299 implorantes,
503 3221 535 3282 in
553 3221 720 3300 specialem
732 3221 879 3284 Ecclesiae
894 3223 1026 3284 tutelam
1040 3241 1089 3284 re-

160 3308 348 3388 ciperentur.
360 3315 426 3375 Hoc
437 3321 530 3395 eaput
544 3314 748 3376 immunitatis
763 3319 810 3377 est
820 3315 897 3376 illud
913 3317 997 3397 quod
1012 3315 1089 3378 diei-

158 3405 324 3492 turfas'yli
339 3402 416 3485 jas,
449 3407 535 3488 qnod
558 3412 686 3488 praestat
699 3424 772 3488 ¹non
799 3413 921 3493 tantum
954 3409 1088 3472 ambitus

160 3493 361 3557 ecelesiarum
376 3511 448 3561 oum
460 3491 524 3560 suis
539 3499 771 3586 adjacentibus,
781 3503 837 3563 sed
852 3503 945 3565 etiam
960 3503 1088 3564 tomita-

1260 26 1271 73 l

1232 182 1282 602 ξ,

1249 3136 1259 3348 r

1245 3356 1256 3635 l

1248 3640 1261 3987 l
