2584 4022
185 307 224 369 'ld
399 313 627 365 msmrnrmuss
647 315 731 364 iners
753 316 908 368 carorum.

185 467 274 545 miei,
298 466 348 527 vel
364 467 473 526 contra
496 462 737 544 producentem,
758 462 814 525 rel·
831 481 894 524 non
922 464 962 526 sit
987 462 1112 546 utrique

186 561 265 640 parti
280 559 398 640 pariter
407 557 561 634 inimicus,
574 575 632 617 nec
647 575 665 616 a
682 559 791 637 parte,
808 559 1024 638 contraquam
1042 567 1113 639 pro:

131 665 141 674 “
169 653 308 717 'ducitur
321 651 523 731 approbatae,
542 648 685 728 quemvis
698 667 799 730 neque
817 649 849 710 in
872 649 920 711 his
936 650 1061 714 casibus
1074 651 1114 716 sit

187 747 271 808 omni
286 745 467 823 exceptione
480 741 591 822 major.
669 749 671 753 ‘

219 837 369 911 -Seoundo
382 837 473 898 inicos
483 836 515 896 in
530 854 626 897 causa
643 836 807 913 criminali,
831 854 900 916 quae
913 835 1116 900 criminaliter

187 931 301 1013 agitur,
315 949 377 992 non
390 929 565 990 admittitur
577 929 765 1008 regulariter
787 929 828 990 ad
846 929 1059 992 testimonium
1073 931 1116 992 fe-

186 1025 320 1086 rendum
338 1025 447 1085 contra
465 1021 658 1100 religiosum,
675 1040 738 1083 non
753 1025 877 1084 tantum
887 1022 960 1103 quia
979 1023 1117 1102 plerum-

188 1137 249 1198 que
264 1116 385 1178 oleriois
397 1113 501 1176 infesti
515 1121 588 1175 sunt
598 1115 682 1192 laici,
699 1115 754 1176 sed
767 1114 841 1195 quia
855 1115 970 1176 decens
984 1119 1115 1194 nonest,

188 1213 315 1272 utstatu
325 1208 454 1269 inferior
462 1209 571 1268 contra
582 1210 698 1269 statum
710 1207 904 1287 superiorem
913 1208 944 1268 in
954 1226 1049 1270 eausa
1059 1209 1119 1270 ori-

188 1301 295 1364 minali
309 1300 522 1362 testimonium
537 1300 628 1362 ferat.
644 1302 683 1362 lit
697 1300 839 1379 quamvis
854 1301 894 1361 ad
905 1302 1118 1374 ¹accusandum

190 1395 405 1470 admittantur,
432 1393 457 1453 si
481 1411 581 1469 suam,
613 1393 662 1454 vel
689 1411 818 1455 suorum
841 1393 1118 1474 injuriamprose·

190 1491 339 1570 quantur,
352 1504 454 1566 neque
463 1489 569 1546 tamen
580 1485 612 1544 in
622 1484 670 1545 his
683 1485 805 1546 casibus
822 1485 862 1547 ad
875 1485 1116 1565 testificandum,

190 1581 216 1642 si
238 1579 442 1642 criminaliter
467 1580 576 1638 contra
607 1596 660 1640 eos
688 1582 810 1657 agatur,
834 1578 1020 1640 admittendi
1033 1582 1115 1642 sunt.

231 1675 309 1734 (lum
338 1669 556 1732 condemnatio
586 1687 648 1730 non
667 1674 817 1748 sequatur
843 1690 880 1730 ex
908 1663 1117 1751 accusatione,

191 1766 246 1827 sed
261 1763 506 1844 exprobatione,
523 1763 720 1842 excipiuntur
741 1767 847 1825 tamen
871 1764 965 1826 etiam
991 1765 1121 1826 crimina

191 1862 321 1938 excepta
342 1856 480 1932 haeresis,
505 1875 535 1918 v.
554 1875 584 1935 g.
599 1856 681 1918 laesae
704 1857 887 1936 majestatis,
902 1856 1062 1935 sodomiae,
1080 1858 1122 1920 si-

190 1951 313 2027 moniae,
329 1953 401 2027 etc,
419 1951 473 2010 aut
487 1949 549 2009 alia
562 1949 690 2010 notoria
700 1953 731 2010 et
750 1949 945 2026 scandaloso,
962 1949 1121 2030 inquibus

191 2043 289 2104 laicus
318 2041 412 2103 etiam
437 2045 546 2104 eontra
571 2041 718 2103 clericum
741 2042 849 2104 testari
878 2045 998 2121 potest3
1029 2045 1124 2122 prout

193 2137 287 2199 etiem
302 2134 486 2212 admittitur,
504 2135 670 2198 siclericus
682 2135 722 2196 sit
736 2135 774 2196 de
788 2135 916 2196 crimine
931 2135 1100 2198 infamatus
1112 2153 1120 2209 3

194 2230 218 2292 si
230 2229 355 2291 aliunde
369 2228 486 2290 veritas
500 2229 608 2290 heberi
622 2247 684 2291 non
697 2232 809 2308 potest,
826 2228 853 2290 si
867 2229 899 2290 in
910 2227 1049 2290 favorem
1065 2229 1125 2288 ele·

194 2322 250 2384 rici
270 2323 424 2401 deponat3
441 2321 568 2384 sifameo
579 2326 701 2386 tantum
715 2322 859 2402 probatio
875 2322 1053 2384 neccssaria
1066 2321 1122 2396 sit;

196 2417 221 2478 si
252 2416 291 2476 de
324 2414 452 2476 crimine
487 2419 599 2496 agatur
629 2415 775 2494 civiliter,
808 2417 858 2478 vel
882 2415 907 2477 si
936 2420 1048 2496 agatur
1070 2432 1127 2495 per

196 2508 325 2568 modum
345 2507 588 2569 denuntiationis
603 2512 658 2569 aut
679 2508 898 2588 inquisitionis,
922 2512 1001 2582 etc.;
1023 2525 1124 2588 neque

197 2603 303 2660 tamen
318 2615 443 2674 semper
456 2599 515 2659 erit
527 2599 611 2660 omni
619 2599 801 2678 exceptione
814 2597 926 2680 meJor.

238 2689 317 2762 Quin
332 2687 428 2749 immo
439 2707 497 2750 neo
509 2690 640 2750 clericus
653 2691 685 2750 in
705 2709 799 2752 eausa
810 2692 963 2753 criminali
979 2690 1126 2752 crimina-

198 2785 270 2846 liter
277 2784 348 2844 acta
362 2783 471 2843 contra
480 2781 595 2842 laicum
614 2782 702 2844 testis
718 2801 784 2844 esse
803 2787 915 2862 potest,
932 2787 1061 2864 propter
1072 2802 1128 2865 pe-

201 2876 333 2939 riculum
361 2875 599 2954 irregularitatis
615 2875 834 2955 incurrendae,
856 2879 883 2939 si
898 2883 1010 2958 agatur
1033 2895 1128 2940 causa

201 2969 376 3050 sanguinis3
395 2973 426 3030 et
443 2969 586 3050 quamvis
598 2970 631 3032 in
646 2969 799 3049 civilibus,
815 2977 870 3032 aut
891 2969 917 3033 si
938 2971 976 3034 de
998 2968 1127 3032 crimine

201 3065 332 3126 civiliter
344 3062 457 3142 agitur,
474 3063 529 3123 uhi
542 3064 662 3124 nullum
682 3064 856 3142 periculum
871 3072 918 3126 est
935 3081 1038 3145 poenae
1057 3083 1129 3126 san-

201 3149 315 3236 guinis,
332 3159 440 3218 contre
458 3155 574 3217 laicum
596 3156 726 3218 clericus
741 3157 846 3218 testari
860 3158 976 3237 possit;
995 3157 1062 3218 fieri
1083 3160 1128 3218 ta·

201 3267 274 3310 men
301 3248 362 3310 hoc
393 3249 486 3310 debet
512 3267 618 3310 coram
640 3249 767 3328 proprio
794 3251 957 3330 episcopo,
982 3251 1033 3313 vel
1054 3250 1131 3310 ou'm

202 3342 296 3422 hujus
316 3341 442 3402 licentia
453 3361 559 3403 eoram
570 3342 676 3422 judice
691 3344 844 3422 saeculari,
864 3346 914 3406 vel
933 3344 965 3405 in
977 3361 1072 3405 eausa
1082 3360 1131 3404 ec-

205 3433 379 3497 clesiastiea
392 3452 498 3496 coram
509 3435 570 3497 alio
579 3435 686 3516 judice
700 3437 920 3500 eeclesiastico.

245 3526 349 3594 Tertio
361 3525 471 3607 choei,
482 3529 608 3614 pagani,
632 3527 773 3613 doerctr'cr',
790 3532 916 3618 aliique
934 3531 1087 3618 infideles,
1103 3531 1134 3602 ai
