2586 4020
444 362 448 368 ¹
563 307 601 353 ou
622 305 760 354 runrcns.
1077 286 1132 346 11¹1

204 469 262 532 pro
277 451 345 513 foro
361 453 489 512 externo
499 451 568 511 fieri
577 453 727 513 statutum
738 447 875 530 aliquod,
891 446 932 508 ad
941 445 1010 508 lites
1020 442 1134 506 multas

206 543 373 621 cavendas,
390 546 422 606 et
435 543 659 624 negligentiam
670 543 870 605 dominorum
881 537 1088 613 excitandam,
1100 537 1136 596 ut

202 637 232 699 ¹‘si
245 637 329 697 intra
350 639 470 697 certum
491 639 615 715 tempus
639 636 826 698 solutionem
844 652 907 695 non
933 629 1047 692 urserit
1070 645 1136 689 cre-

206 730 305 806 ditor,
329 729 453 790 nullum
476 729 610 808 amplius
631 729 672 789 ad
695 727 773 789 illud
792 725 933 788 debitum
951 723 1057 802 elapso
1079 718 1134 782 tali

205 822 339 885 termino
350 821 403 903 jus
418 822 533 884 habeat
546 841 603 902 pro
615 822 676 884 hoc
690 821 769 882 foro.

244 915 364 976 Eadem
375 918 480 976 tamen
495 915 590 977 etiam
605 914 748 976 doctrina
763 919 819 991 est,
832 911 916 974 circa
929 905 1136 988 praescribcn-

208 1007 280 1070 darn
291 1025 418 1087 poenam
432 1007 611 1086 prodelicto
622 1008 813 1087 impositam,
829 1007 1043 1083 contraquam
1055 1017 1136 1078 prm-

206 1099 342 1162 scribera
356 1103 469 1181 potest,
484 1101 539 1182 qui
558 1100 651 1163 debet
664 1099 745 1162 hauc
760 1116 898 1180 poenam,
915 1093 1039 1157 etiamsi
1058 1091 1137 1154 sciat

208 1208 280 1254 eam
296 1212 328 1254 se
344 1193 471 1270 debere,
490 1193 585 1255 modo
600 1192 736 1274 practice
759 1192 854 1254 etiam
864 1188 996 1270 judicet,
1011 1184 1051 1246 ad
1066 1201 1137 1246 eam

208 1286 392 1349 solvendam
407 1305 440 1346 se
453 1304 516 1346 nou
529 1285 673 1365 obligari,
688 1285 747 1346 nisi
762 1285 916 1364 exigatur,
938 1298 1002 1362 quc
1014 1279 1046 1339 in
1062 1295 1137 1339 casu

176 1459 179 1470 Ι
206 1379 324 1442 bonam
344 1378 441 1440 fidem
464 1377 636 1457 practicam
659 1377 764 1439 habet.
790 1379 825 1438 In
846 1372 1047 1438 servitutibus
1061 1385 1136 1431 vcro
1172 1367 1176 1376 '

205 1471 336 1534 urbanis
356 1470 596 1550 praescribendis
610 1470 780 1551 requiritur
793 1469 937 1548 insuper,
959 1471 995 1526 ut
1017 1463 1069 1524 ille
1084 1460 1137 1542 qui

208 1563 393 1644 praescribit,
401 1568 507 1624 actum
516 1562 829 1643 aliquempositivum
837 1558 1002 1640 coutrajus
1010 1555 1138 1618 alterius

207 1658 292 1719 hona
304 1657 367 1717 fide
382 1662 536 1734 exerceat,
549 1659 663 1736 putans
677 1655 795 1718 scilicet
807 1655 867 1716 hcc
881 1653 940 1716 sibi
951 1651 1055 1713 licere.

162 1803 176 1827 ,
249 1749 308 1822 Qui
321 1747 461 1811 succedit
471 1749 563 1811 bonae
579 1749 653 1811 fidei
667 1748 841 1828 possessori
853 1748 885 1807 in
897 1764 931 1806 re
949 1743 1064 1823 aliqua,
1081 1759 1139 1821 po-

208 1845 269 1904 test
292 1843 333 1903 ad
349 1843 618 1922 praescribendum
641 1843 735 1904 ctiam
758 1857 923 1902 numerare
945 1841 1070 1915 tempus
1090 1833 1138 1896 sui

210 1935 430 2013 antecessoris,
452 1939 484 1996 ct
508 1935 601 1996 sicuti
621 1935 799 1996 accessione
822 1932 904 1993 illius
926 1927 1077 2009 temporis
1098 1925 1138 1986 ad

211 2027 431 2108 complendam
449 2028 732 2107 praescriptionem,
749 2027 775 2088 si
790 2030 821 2088 et
832 2025 898 2105 ipse
913 2023 963 2085 hic
979 2036 1141 2084 successor

210 2121 327 2183 bonam
348 2120 443 2182 fidem
466 2120 596 2194 habeat;
617 2120 788 2198 cumcuim
810 2122 988 2180 antecessor
1009 2112 1140 2176 transfe-

211 2213 310 2274 rendo
323 2213 405 2273 hanc
418 2231 486 2274 rem
503 2213 536 2273 in
551 2213 657 2290 adum,
673 2231 765 2274 omne
776 2210 871 2273 etiam
882 2210 945 2292 jus,
958 2207 1040 2289 quod
1056 2205 1140 2266 circa

213 2307 294 2367 hanc
303 2324 371 2366 rem
381 2305 529 2384 habebat,
538 2305 570 2366 in
580 2325 653 2367 eum
663 2304 868 2380 transtulerit,
878 2299 1024 2362 habuerit
1034 2300 1140 2359 autem

209 2399 262 2479 jus
277 2415 347 2459 eam
361 2398 422 2459 sibi
433 2397 656 2478 p1·aescribendi
668 2398 751 2459 intra
769 2399 893 2475 tempus
912 2412 931 2454 a
948 2392 1020 2473 jure
1034 2389 1141 2470 requi-

213 2491 317 2570 situm,
330 2490 419 2571 cujus
428 2494 551 2570 partem
563 2490 631 2572 jam
646 2490 791 2571 explevit,
805 2492 1032 2568 consequenter
1046 2483 1141 2544 etiam

214 2584 274 2645 hcc
284 2584 351 2665 jus,
369 2588 403 2646 ut
416 2583 537 2663 reliquo
560 2590 702 2663 tempore
717 2583 843 2661 addito,
860 2599 928 2642 rem
946 2581 1041 2642 talem
1060 2595 1141 2657 prae-

214 2677 339 2754 scribat,
352 2677 384 2737 in
398 2694 470 2738 eum
480 2677 646 2738 transtulit.
662 2676 719 2750 Qui
729 2695 804 2738 vcro
813 2676 905 2738 malae
917 2673 990 2736 fidei
1003 2675 1141 2734 antecas-

215 2769 277 2831 sori
292 2767 449 2846 succedit,
475 2768 499 2830 si
519 2769 686 2848 singularis
707 2773 828 2832 tantum
849 2783 1011 2830 successor
1030 2765 1086 2840 ait,
1104 2781 1142 2823 ex

215 2861 433 2938 donatione,v.
446 2880 490 2941 g.‚
503 2862 694 2939 venditione,
704 2863 819 2941 legato,
830 2859 984 2938 etc.,huic
997 2855 1142 2937 equidem

215 2953 420 3016 antecessoris
442 2958 587 3033 tempor,
604 2973 666 3035 quo
681 2955 766 3016 mala
783 2954 845 3015 fide
863 2971 932 3013 rem
944 2949 1140 3032 possidebat,

214 3048 291 3110 nihil
305 3047 433 3128 prodest
453 3048 493 3108 ad
514 3047 798 3127 praescribendum,
819 3064 921 3126 neque
938 3048 1045 3106 tamen
1060 3039 1143 3100 mala

214 3139 419 3203 antecessoris
429 3140 507 3202 tides
520 3140 859 3220 etiamimpeditillum,
879 3156 941 3218 quo
951 3134 1054 3197 minus
1065 3151 1143 3212 prae·

214 3233 685 3314 scriptioneminchoarepossit,
694 3232 718 3294 si
729 3231 845 3293 bonam
854 3231 920 3310 ipse
931 3227 1141 3303 fldemhehet,

215 3331 246 3388 et
259 3345 310 3388 res
328 3326 561 3406 praescribenda
575 3327 659 3388 nullo
679 3325 754 3388 vitio
769 3325 848 3386 reali
867 3325 979 3386 affecta
998 3322 1056 3398 sit,
1080 3337 1142 3401 quo

214 3420 318 3482 minus
338 3419 498 3498 praescribi
517 3419 635 3500 possit:
652 3419 783 3508 impedit
802 3420 907 3481 autem
928 3417 1016 3479 illum
1035 3416 1075 3475 ad
1098 3412 1143 3472 in·

215 3513 392 3580 curandam
420 3512 514 3576 etiam
538 3513 827 3597 praescriptionem,
854 3511 996 3595 quamvis
1027 3507 1144 3569 malam

1024 3615 1055 3671 Ἰ*
