2584 4022
170 275 211 336 tl
372 280 603 333 msururionus
623 286 706 334 rums
729 287 884 334 aaronica

173 429 247 494 Hac
257 431 374 507 eutem,
385 447 455 512 quae
466 430 549 493 dicta
561 433 634 494 sunt
646 431 685 493 de
699 429 862 510 utriusque
873 426 984 510 judieii
996 449 1103 491 eumu-

173 523 307 600 latione,
327 521 432 585 locum
447 522 541 586 etiam
561 524 679 586 habent
694 523 726 584 in
741 523 842 585 causis
856 522 1100 585 beneficialibus.

173 613 301 679 Etiamsi
317 617 358 677 ad
371 617 489 697 Papam
503 619 695 698 appellatum
710 615 805 677 fuerit
819 635 838 676 a
852 633 948 677 causa
961 615 1103 696 proprie-

172 709 255 788 tatio,
270 729 299 771 v.
317 729 378 790 gn,
396 709 555 773 itatamen
569 713 605 772 ut
616 711 712 772 etiam
723 728 761 770 ea
771 709 985 772 advertantur.

558 877 661 932 CAPUT
677 877 721 932 IV.

519 1021 554 1062 DE
572 1021 758 1060 ceurennum.

214 1141 238 1202 1.
264 1135 351 1214 Quid,
365 1144 394 1198 et
404 1137 563 1218 quotuplex
576 1138 616 1198 att
628 1137 818 1214 cocomario,
831 1139 862 1198 et
875 1135 988 1217 quibus
1003 1135 1104 1198 modis

175 1231 244 1312 quis
268 1230 476 1292 constituatur
495 1231 686 1292 contumax?
704 1229 908 1292 Contumaeia
932 1233 979 1291 est
998 1229 1104 1290 inobe-

175 1323 293 1388 dientia
308 1341 326 1382 a
339 1323 479 1402 legitime
493 1326 605 1386 vocato
621 1325 730 1384 contra
741 1321 882 1402 judicem
896 1321 928 1381 in
941 1321 1016 1399 illis,
1034 1340 1103 1400 quae

176 1414 381 1497 adjudicium
393 1415 561 1494 pertinent,
572 1415 750 1477 commissa.
763 1417 803 1476 Et
812 1415 954 1494 quamvis
964 1415 1105 1493 pluribus

175 1509 277 1572 modis
301 1507 514 1572 committatur
528 1507 743 1585 contumacia,
769 1507 886 1586 duplex
899 1510 1005 1584 tamen
1020 1524 1106 1568 com-
1171 1571 1175 1576 ,

175 1601 312 1664 maniter
333 1601 447 1662 dicitur
462 1618 530 1664 esse
545 1601 761 1678 contumacia,
778 1618 871 1676 vera,
893 1602 924 1660 et
938 1600 1026 1676 ficta,
1049 1617 1105 1660 seu

175 1692 431 1772 interpretativa,
457 1696 513 1755 ant
533 1693 770 1773 praesumptiva.
801 1694 885 1754 Vera
910 1691 1107 1754 contumacia

178 1785 393 1860 committitur,
418 1803 491 1846 cum
505 1786 575 1866 quis
595 1786 735 1848 coactive
755 1784 893 1864 legitime
914 1783 1044 1861 citatae,
1065 1784 1105 1847 ad

178 1879 267 1960 cujus
291 1877 434 1940 notitiam
455 1879 539 1942 lacta
558 1879 662 1940 citatio
676 1878 772 1941 etiam
791 1876 984 1956 pervenerit,
1000 1879 1106 1939 tamen

175 1990 239 2037 non
251 1971 573 2051 comparet,quamvis
586 1970 706 2032 nullum
717 1969 1105 2050 legitimumimpedimen-

175 2068 244 2128 tum
256 2064 347 2126 obsit.

216 2159 422 2236 Praesumpta,
439 2173 495 2218 seu
509 2156 582 2218 ficta
596 2158 654 2233 est,
670 2172 742 2217 oum
755 2155 824 2236 quis
839 2173 897 2234 per
911 2154 1047 2216 edictum
1060 2151 1106 2214 le-

176 2249 284 2330 gitime
300 2249 431 2327 citatus,
459 2249 498 2310 de
516 2267 578 2330 quo
592 2252 698 2311 tamen
714 2249 845 2312 dubium
863 2248 923 2325 sit,
944 2251 1050 2310 utrum
1065 2245 1106 2307 ad

175 2341 416 2405 illiusnotitiam
429 2341 609 2421 pervenerit
620 2341 737 2420 citatio,
755 2360 818 2402 non
831 2345 1008 2420 comparet3
1025 2357 1106 2419 prae-

177 2436 311 2500 sumitur
332 2453 407 2498 vero
423 2435 475 2497 hic
487 2435 558 2498 talis
579 2453 598 2496 a
616 2435 689 2516 jure
710 2437 896 2511 contumax,
920 2433 978 2494 uisi
997 2438 1106 2511 postea

177 2529 285 2591 notam
299 2529 423 2605 purget,
442 2530 474 2591 et
486 2527 605 2607 justam
628 2546 756 2590 causam
770 2527 898 2605 alleget,
917 2541 955 2586 ac
972 2524 1102 2604 probet,

178 2640 235 2684 cur
245 2638 308 2681 non
322 2621 534 2701 comparuerit
549 2642 555 2682 :
572 2639 674 2702 neque
686 2623 846 2684 tamen-ex
863 2619 931 2680 sola
945 2635 1008 2680 non
1021 2633 1104 2678 com-

177 2713 330 2794 paritione
341 2713 541 2776 constituitur
552 2714 622 2794 quis
635 2717 803 2776 contumax
815 2758 822 2789 ,
836 2711 891 2773 sed
902 2729 940 2772 ex
950 2728 986 2772 eo
997 2709 1103 2784 etlam,
1133 2729 1134 2732 ¹

177 2808 203 2870 si
218 2807 372 2870 malitiosa
395 2826 430 2869 se
449 2807 611 2885 absentet,
632 2803 893 2883 aut-abscondat,
914 2803 1012 2866 need
1033 2820 1107 2864 eum
1176 2867 1181 2880 ,

177 2901 341 2980 perveniat
355 2900 472 2979 citatio,
490 2901 517 2963 si
529 2902 709 2980 compareat
723 2898 860 2978 quidem,
874 2897 987 2960 infecto
1000 2900 1106 2960 tamen

179 2996 303 3074 negotio
315 2995 381 3058 sine
390 2993 507 3075 judicls
520 2993 647 3056 lieentia
659 2992 809 3070 discedat,
822 3010 884 3054 non
898 2991 1055 3053 rediturus
1064 2989 1106 3051 ad

175 3084 346 3166 judicium3
371 3089 397 3150 si
420 3092 508 3152 actor
525 3087 612 3149 veuit
632 3085 819 3167 quidemsad
828 3084 983 3166 judicium
997 3084 1030 3144 in
1043 3087 1107 3146 ter-
1131 3091 1134 3100 '

178 3178 263 3239 mino
283 3181 458 3259 citationis,
483 3181 639 3246 actionem
664 3183 790 3257 tamen,
812 3181 866 3241 aut
887 3197 953 3240 suae
976 3176 1106 3239 aetionis

178 3271 318 3334 libellum
341 3274 463 3337 nullum
484 3274 565 3352 edit,
589 3272 639 3336 vel
660 3291 724 3336 uon
738 3271 938 3355 prosequitur
954 3271 1058 3349 litem,
1080 3268 1105 3330 si

178 3385 250 3430 reus
269 3384 333 3428 nou
352 3367 541 3448 respondeat
563 3367 604 3429 ad
625 3383 734 3430 omnes
764 3366 912 3428 articulos
934 3364 974 3428 ab
1001 3366 1106 3426 actore

178 3459 365 3542 propositos,
381 3461 432 3524 rel
441 3460 573 3526 obscure
583 3461 755 3536 tautum,et
766 3458 843 3522 nihil
854 3458 1030 3540 categorica
1040 3475 1106 3524 res·
